Time,price,volume
Time,Price,Volume
04:00:01.446464,123.74,10
04:00:02.347028,123.74,30
04:00:03.850550,123.62,1
04:00:04.971613,123.6,5
04:00:04.971613,123.74,17
04:00:05.245234,123.74,6
04:00:05.245234,123.77,4
04:00:05.647167,123.77,9
04:00:05.859207,123.77,1
04:00:05.864769,123.77,1
04:00:06.774346,123.77,1
04:00:07.644424,123.77,1
04:00:08.875366,123.77,2
04:00:08.960920,123.77,30
04:00:09.357326,123.77,1
04:00:10.342920,123.77,3
04:00:12.900678,123.52,353
04:00:12.900678,123.5,1
04:00:12.900678,123.5,1
04:00:12.900678,123.5,199
04:00:12.900678,123.5,11
04:00:12.900678,123.5,5
04:00:12.901834,123.5,237
04:00:13.127408,123.5,3
04:00:13.127408,123.5,2
04:00:13.127408,123.5,10
04:00:13.127408,123.5,1
04:00:13.127408,123.48,4
04:00:13.132490,123.48,16
04:00:13.132490,123.45,84
04:00:14.086311,123.77,1
04:00:14.767430,123.77,1
04:00:22.482097,123.6,100
04:00:22.530796,123.49,53
04:00:22.530796,123.49,1
04:00:22.530796,123.48,1
04:00:22.531093,123.45,116
04:00:22.531093,123.45,3
04:00:30.326349,123.5,3
04:00:30.326349,123.5,7
04:00:46.472072,123.54,1
04:00:51.309894,123.51,20
04:00:57.891769,123.54,4
04:01:03.555212,123.51,10
04:01:05.421886,123.51,70
04:01:05.421886,123.51,330
04:01:05.422338,123.6,1
04:01:08.415331,123.51,1
04:01:09.567287,123.51,98
04:01:09.567287,123.51,2
04:01:09.682817,123.51,8
04:01:11.966813,123.52,23
04:01:11.966813,123.52,27
04:01:11.982402,123.6,3
04:01:12.850826,123.6,5
04:01:14.794404,123.6,2
04:01:15.486216,123.6,1
04:01:19.087724,123.52,23
04:01:19.087724,123.51,13
04:01:19.132568,123.51,50
04:01:19.965930,123.64,2
04:01:22.334155,123.64,10
04:01:33.384404,123.6,1
04:01:41.744649,123.6,2
04:01:42.482449,123.64,1
04:01:45.530579,123.6,1
04:01:50.452578,123.6,1
04:01:51.255649,123.6,11
04:01:55.836433,123.6,19
04:01:55.836433,123.6,1
04:01:57.115506,123.6,4
04:02:03.488940,123.6,10
04:02:03.488940,123.6,1
04:02:03.488940,123.6,2
04:02:03.488940,123.52,100
04:02:03.488940,123.51,1
04:02:03.489397,123.54,8
04:02:03.489397,123.52,50
04:02:03.489397,123.51,4
04:02:03.489397,123.51,5
04:02:03.489397,123.51,119
04:02:03.721404,123.5,3
04:02:03.721404,123.5,100
04:02:03.721404,123.5,1
04:02:03.721404,123.5,37
04:02:03.721404,123.49,1
04:02:03.721404,123.35,42
04:02:03.721404,123.33,303
04:02:03.721844,123.51,81
04:02:03.721844,123.51,1
04:02:03.721844,123.51,1
04:02:03.721844,123.51,30
04:02:04.034764,123.6,1
04:02:04.329154,123.6,6
04:02:04.329154,123.6,8
04:02:04.596800,123.52,2
04:02:10.995286,123.53,100
04:02:11.369797,123.53,1
04:02:11.369559,123.6,1
04:02:21.168169,123.53,2
04:02:23.277352,123.53,1
04:02:24.429937,123.51,20
04:02:24.429937,123.51,100
04:02:31.815240,123.5,23
04:02:31.815240,123.5,1
04:02:31.815240,123.5,10
04:02:31.815240,123.5,2
04:02:31.815240,123.47,1
04:02:31.815240,123.46,6
04:02:36.498703,123.51,1
04:02:44.194491,123.5,1
04:02:45.090606,123.5,1
04:02:46.621188,123.5,44
04:02:46.621188,123.5,6
04:02:46.621188,123.51,50
04:02:51.410829,123.5,1
04:02:51.413356,123.5,2
04:02:51.486742,123.5,30
04:02:53.433753,123.5,13
04:03:01.425097,123.51,1
04:03:01.425097,123.51,1
04:03:01.441360,123.5,2
04:03:04.267950,123.5,1
04:03:06.199205,123.5,21
04:03:08.689237,123.5,1
04:03:09.657028,123.5,8
04:03:12.017953,123.51,40
04:03:15.817239,123.5,2
04:03:15.932958,123.5,1
04:03:15.932958,123.62,2
04:03:15.985204,123.62,5
04:03:16.152420,123.62,3
04:03:16.207715,123.62,25
04:03:16.572406,123.62,18
04:03:16.992072,123.62,5
04:03:17.248541,123.62,4
04:03:18.451237,123.51,10
04:03:18.571315,123.5,1
04:03:20.212078,123.59,4
04:03:20.518110,123.59,1
04:03:20.532205,123.59,1
04:03:20.639841,123.59,2
04:03:20.966788,123.59,160
04:03:21.911061,123.59,1
04:03:22.021516,123.5,1
04:03:22.345716,123.59,1
04:03:22.351356,123.59,1
04:03:22.476907,123.5,77
04:03:22.476907,123.5,5
04:03:22.476907,123.46,118
04:03:22.583313,123.59,3
04:03:23.336161,123.51,1
04:03:23.359961,123.51,2
04:03:23.359961,123.5,1
04:03:23.359961,123.5,23
04:03:23.426377,123.59,2
04:03:23.458518,123.59,1
04:03:24.323612,123.51,3
04:03:24.726246,123.51,1
04:03:24.784838,123.51,1
04:03:25.372460,123.51,1
04:03:25.769048,123.51,4
04:03:26.966224,123.51,1
04:03:26.966224,123.51,7
04:03:29.255526,123.51,2
04:03:29.326509,123.51,7
04:03:29.476893,123.51,4
04:03:29.476893,123.51,96
04:03:29.762447,123.51,1
04:03:29.814363,123.51,10
04:03:29.851364,123.51,5
04:03:30.157303,123.51,20
04:03:30.172444,123.51,1
04:03:30.217909,123.51,18
04:03:30.486204,123.51,5
04:03:30.489196,123.51,1
04:03:30.648556,123.51,1
04:03:32.240410,123.51,1
04:03:32.459048,123.51,1
04:03:32.695272,123.51,15
04:03:32.705906,123.51,1
04:03:33.308078,123.51,1
04:03:34.213421,123.51,8
04:03:34.414299,123.51,1
04:03:35.069800,123.51,1
04:03:35.978110,123.51,5
04:03:36.812690,123.51,3
04:03:38.201734,123.51,10
04:03:43.513427,123.51,1
04:03:56.034644,123.5,25
04:03:56.034644,123.5,4
04:03:59.580283,123.46,15
04:04:01.284970,123.52,2
04:04:01.284970,123.51,1
04:04:01.284970,123.5,27
04:04:01.284970,123.5,1
04:04:01.284970,123.5,1
04:04:01.284970,123.5,1
04:04:01.284970,123.46,14
04:04:07.973388,123.47,19
04:04:15.284001,123.47,20
04:04:28.560191,123.49,1
04:04:28.560191,123.48,1
04:04:28.560191,123.48,15
04:04:30.390541,123.47,50
04:04:31.199088,123.47,33
04:04:34.861575,123.49,100
04:04:35.734768,123.51,9
04:04:45.135688,123.51,1
04:04:56.042463,123.51,14
04:04:56.042910,123.51,100
04:04:59.641412,123.51,25
04:04:59.907665,123.51,3
04:05:01.976514,123.51,2
04:05:01.988160,123.51,15
04:05:06.406720,123.51,100
04:05:11.336645,123.51,50
04:05:12.726435,123.6,1
04:05:20.438381,123.51,100
04:05:21.333369,123.58,34
04:05:21.333802,123.51,366
04:05:25.878070,123.51,33
04:05:28.218897,123.59,1
04:05:29.647242,123.52,1
04:05:35.246517,123.59,1
04:05:35.246664,123.51,1
04:05:37.094555,123.59,2
04:05:38.716466,123.59,2
04:05:38.788065,123.51,1
04:05:41.300315,123.59,5
04:05:45.583982,123.51,50
04:05:45.811344,123.57,27
04:05:45.811493,123.51,27
04:05:53.219793,123.59,60
04:05:53.700798,123.6,463
04:05:53.700829,123.6,34
04:05:54.716138,123.6,34
04:06:03.227903,123.6,9
04:06:08.583183,123.64,17
04:06:09.136665,123.68,2
04:06:29.295049,123.6,29
04:06:32.713159,123.67,13
04:06:35.297559,123.64,2
04:06:37.285419,123.68,1
04:06:40.994375,123.67,21
04:06:40.994375,123.69,60
04:06:40.994375,123.69,34
04:06:40.994375,123.7,161
04:07:02.125813,123.77,10
04:07:09.521561,123.71,1
04:07:09.521561,123.71,34
04:07:09.521561,123.7,1
04:07:09.521561,123.7,197
04:07:09.521561,123.7,34
04:07:09.528574,123.71,34
04:07:09.549981,123.7,90
04:07:16.787913,123.71,43
04:07:33.848814,123.76,4
04:07:33.848873,123.75,6
04:07:39.984493,123.76,30
04:07:40.524455,123.75,20
04:07:40.524455,123.75,130
04:07:40.531720,123.76,353
04:07:43.502428,123.76,3
04:07:47.376618,123.72,14
04:07:47.376618,123.71,26
04:07:48.095279,123.76,1
04:07:50.788686,123.72,21
04:07:56.759083,123.72,27
04:08:11.325894,123.72,50
04:08:11.385335,123.72,5
04:08:17.931513,123.72,75
04:08:17.932466,123.72,38
04:08:17.980353,123.72,20
04:08:17.980353,123.72,10
04:08:18.071856,123.71,30
04:08:18.071856,123.71,2
04:08:18.071856,123.71,18
04:08:18.071888,123.71,2
04:08:18.072086,123.71,1
04:08:18.966218,123.72,1
04:08:24.102907,123.71,2
04:08:24.329952,123.71,32
04:08:24.329952,123.72,57
04:08:24.329952,123.74,63
04:08:24.329952,123.74,8
04:08:24.948649,123.74,1
04:08:27.794109,123.74,1
04:08:37.786708,123.73,50
04:08:47.822388,123.73,1
04:09:04.373556,123.71,9
04:09:04.373556,123.71,1
04:09:04.373556,123.71,3
04:09:04.394101,123.7,1
04:09:04.429982,123.7,50
04:09:04.472950,123.7,1
04:09:04.473191,123.7,1
04:09:04.474149,123.7,10
04:09:05.616922,123.7,1
04:09:14.799890,123.7,2
04:09:24.056432,123.73,10
04:09:32.690715,123.7,1
04:09:32.910162,123.67,3
04:09:32.910317,123.71,3
04:09:34.482269,123.67,1
04:09:37.142986,123.67,2
04:09:38.936136,123.67,1
04:09:41.771897,123.64,34
04:09:41.771897,123.61,100
04:09:41.771897,123.6,3
04:09:41.771897,123.6,2
04:09:41.771897,123.6,1
04:09:41.771897,123.6,333
04:09:41.771897,123.6,1
04:09:41.771897,123.6,34
04:09:41.772342,123.62,1
04:09:41.772342,123.6,21
04:09:41.772342,123.6,37
04:09:41.772342,123.6,1
04:09:41.772342,123.6,32
04:09:43.621674,123.67,1
04:09:43.621674,123.67,2
04:09:44.925995,123.64,34
04:09:44.925995,123.64,31
04:09:46.867887,123.66,1
04:10:00.510484,123.65,1
04:10:01.768048,123.65,400
04:10:05.477541,123.61,1
04:10:05.477541,123.61,34
04:10:05.477541,123.6,65
04:10:05.604797,123.6,3
04:10:05.604797,123.6,1
04:10:05.604797,123.59,34
04:10:05.604797,123.58,10
04:10:05.604797,123.54,52
04:10:10.997238,123.62,15
04:10:11.759388,123.62,1
04:10:33.334488,123.64,1
04:10:51.714197,123.61,2
04:10:57.150020,123.62,1
04:11:15.012139,123.6,5
04:11:15.012139,123.6,4
04:11:15.012139,123.6,4
04:11:15.012139,123.56,4
04:11:18.817767,123.62,20
04:11:22.141682,123.61,3
04:11:22.141765,123.56,34
04:11:28.270977,123.56,1
04:11:35.592433,123.62,78
04:11:35.592433,123.64,22
04:11:42.711993,123.57,13
04:11:45.973790,123.61,1
04:12:10.084578,123.63,34
04:12:10.084578,123.65,16
04:12:17.984495,123.64,1
04:12:19.115713,123.65,3
04:12:21.895743,123.64,5
04:12:28.327809,123.65,7
04:12:28.328249,123.65,3
04:12:44.766197,123.58,200
04:12:50.086963,123.65,1
04:12:55.896125,123.65,14
04:12:59.714615,123.58,33
04:12:59.714359,123.59,6
04:12:59.714359,123.58,34
04:12:59.714359,123.57,2
04:12:59.714359,123.56,55
04:12:59.714359,123.56,34
04:12:59.714359,123.55,100
04:12:59.714359,123.55,10
04:12:59.819565,123.56,200
04:12:59.819565,123.55,1
04:12:59.819565,123.55,1
04:12:59.931324,123.55,97
04:13:01.559673,123.54,1
04:13:01.559673,123.54,1
04:13:01.559673,123.54,32
04:13:01.559367,123.54,1
04:13:01.559367,123.54,1
04:13:01.559367,123.54,1
04:13:01.559367,123.54,1
04:13:01.559367,123.54,2
04:13:01.559367,123.52,1
04:13:01.559367,123.51,2
04:13:01.559367,123.51,5
04:13:01.559367,123.51,1
04:13:01.559367,123.51,5
04:13:01.559367,123.51,1
04:13:01.559367,123.51,1
04:13:01.559367,123.51,1
04:13:01.559367,123.5,5
04:13:01.559367,123.5,10
04:13:01.559367,123.5,1
04:13:01.559367,123.5,2
04:13:01.559367,123.5,1
04:13:01.559367,123.49,1
04:13:01.559367,123.48,100
04:13:01.559367,123.48,1
04:13:01.559367,123.48,1
04:13:01.559367,123.48,333
04:13:01.559807,123.54,68
04:13:01.559807,123.54,1
04:13:01.559807,123.54,1
04:13:01.559807,123.54,18
04:13:01.561379,123.52,34
04:13:05.343260,123.51,20
04:13:05.343260,123.51,1
04:13:05.343260,123.51,11
04:13:05.342989,123.49,60
04:13:05.342989,123.48,100
04:13:05.342989,123.48,325
04:13:05.343419,123.51,115
04:13:06.909160,123.5,5
04:13:06.909166,123.5,5
04:13:06.909284,123.5,1
04:13:06.917834,123.5,5
04:13:06.917834,123.5,1
04:13:06.917834,123.49,1
04:13:06.926620,123.5,76
04:13:06.928055,123.5,1
04:13:07.127744,123.5,28
04:13:07.127891,123.55,28
04:13:11.687025,123.52,7
04:13:11.757712,123.52,3
04:13:24.139515,123.48,25
04:13:32.351901,123.53,50
04:13:37.929016,123.5,1
04:13:37.930326,123.49,1
04:13:42.955748,123.49,3
04:13:44.176197,123.49,17
04:13:44.176197,123.5,99
04:13:49.233190,123.49,4
04:13:49.233190,123.48,1
04:13:55.369087,123.5,89
04:13:55.369087,123.5,11
04:13:55.421602,123.5,89
04:13:55.421602,123.51,3
04:13:55.421602,123.53,34
04:13:55.421602,123.54,24
04:13:55.421652,123.52,60
04:13:55.421652,123.53,50
04:13:55.421652,123.53,40
04:13:55.422230,123.53,75
04:13:57.342569,123.53,3
04:14:03.132116,123.5,1
04:14:06.810415,123.53,34
04:14:06.810420,123.53,34
04:14:08.340015,123.53,1
04:14:08.900993,123.54,34
04:14:08.900818,123.53,13
04:14:16.171711,123.53,34
04:14:16.171711,123.52,33
04:14:16.171666,123.54,5
04:14:19.913615,123.52,1
04:14:21.245112,123.52,25
04:14:24.136254,123.51,5
04:14:24.136265,123.54,5
04:14:29.019977,123.51,55
04:14:31.119229,123.51,54
04:14:31.118904,123.51,1
04:14:31.118904,123.5,1
04:14:31.118904,123.49,32
04:14:31.118904,123.48,74
04:14:31.118904,123.48,9
04:14:31.118904,123.46,10
04:14:31.118904,123.46,1
04:14:31.118904,123.46,10
04:14:31.118904,123.46,40
04:14:31.118904,123.45,1
04:14:31.118904,123.45,5
04:14:31.118904,123.42,40
04:14:31.118904,123.42,36
04:14:31.118904,123.4,4
04:14:31.118904,123.4,5
04:14:31.118904,123.4,1
04:14:31.118904,123.4,100
04:14:31.118904,123.35,5
04:14:31.118904,123.35,1
04:14:31.118904,123.34,98
04:14:31.119342,123.5,2
04:14:31.119342,123.5,124
04:14:31.119391,123.5,10
04:14:32.644951,123.51,4
04:14:32.648237,123.5,124
04:14:33.896865,123.5,1
04:14:34.378980,123.49,70
04:14:36.506227,123.48,12
04:14:36.506227,123.48,30
04:14:36.506227,123.48,5
04:14:36.507647,123.47,1
04:14:36.507647,123.47,40
04:14:36.507647,123.47,2
04:14:36.508459,123.46,10
04:14:39.544415,123.47,10
04:14:39.548955,123.46,17
04:14:39.548955,123.46,1
04:14:39.548955,123.46,6
04:14:39.548955,123.46,10
04:14:39.548959,123.46,20
04:14:39.548959,123.46,2
04:14:39.548959,123.46,1
04:14:39.548993,123.45,5
04:14:39.548993,123.45,5
04:14:40.077483,123.45,1
04:14:42.350456,123.42,1
04:14:42.350456,123.41,54
04:14:42.350456,123.4,1
04:14:42.350456,123.4,144
04:14:42.925542,123.4,34
04:14:42.926005,123.4,156
04:14:42.978612,123.4,6
04:14:43.093411,123.4,1
04:14:43.152168,123.4,12
04:14:43.152321,123.46,1
04:14:43.152321,123.45,1
04:14:43.152321,123.45,10
04:14:45.187418,123.4,1
04:14:45.939098,123.39,26
04:14:46.436351,123.39,6
04:14:46.859749,123.39,1
04:14:54.965658,123.4,5
04:14:54.965658,123.36,1
04:14:54.965658,123.36,34
04:14:55.185116,123.35,1
04:14:55.185272,123.42,1
04:14:56.274530,123.4,1
04:14:57.224864,123.4,1
04:14:57.428059,123.4,8
04:14:58.570052,123.4,34
04:14:58.570287,123.43,34
04:14:59.373542,123.4,1
04:15:09.210467,123.4,10
04:15:18.108148,123.4,2
04:15:22.825577,123.38,2
04:15:23.408364,123.4,3
04:15:23.798172,123.4,2
04:15:23.798172,123.4,1
04:15:23.798172,123.38,1
04:15:23.798611,123.38,296
04:15:23.882062,123.38,60
04:15:23.881811,123.31,60
04:15:23.881811,123.3,1
04:15:23.882229,123.38,142
04:15:23.882121,123.4,5
04:15:23.882121,123.35,1
04:15:23.882121,123.3,31
04:15:23.883069,123.37,34
04:15:23.883069,123.37,26
04:15:24.395857,123.4,10
04:15:24.515323,123.37,72
04:15:34.356895,123.4,2
04:15:35.878840,123.4,1
04:15:42.224195,123.4,28
04:15:42.224195,123.38,2
04:15:51.032864,123.4,5
04:15:51.032864,123.39,2
04:15:51.033300,123.39,6
04:15:51.348995,123.4,15
04:15:51.348995,123.4,141
04:16:15.874935,123.44,35
04:16:32.621891,123.44,15
04:16:32.768737,123.45,3
04:16:32.768737,123.4,1
04:16:32.768737,123.37,1
04:16:32.768737,123.37,1
04:16:32.768737,123.37,1
04:16:32.768737,123.37,1
04:16:32.768737,123.36,1
04:16:32.768737,123.35,10
04:16:32.768737,123.28,5
04:16:32.768737,123.28,37
04:16:32.769130,123.43,100
04:16:32.768737,123.26,383
04:16:32.769169,123.43,56
04:16:32.770030,123.42,1
04:16:32.770030,123.41,44
04:16:32.770030,123.41,5
04:16:32.770030,123.4,50
04:16:32.917820,123.46,34
04:16:32.917820,123.49,34
04:16:32.917820,123.5,2
04:16:33.072284,123.5,30
04:16:36.963638,123.44,1
04:16:46.691120,123.44,5
04:16:48.620244,123.44,50
04:16:55.235074,123.41,300
04:16:55.235074,123.41,34
04:16:55.344815,123.4,1
04:16:55.344815,123.4,33
04:16:55.344578,123.4,1
04:16:55.344578,123.4,1
04:16:55.345016,123.4,177
04:16:55.345016,123.4,30
04:16:59.879423,123.39,11
04:17:03.595315,123.39,1
04:17:05.139893,123.39,1
04:17:06.958002,123.41,1
04:17:08.445245,123.4,2
04:17:08.445245,123.4,5
04:17:08.445245,123.39,2
04:17:08.909360,123.38,1
04:17:08.909360,123.38,12
04:17:12.315886,123.37,100
04:17:12.315886,123.37,406
04:17:12.315918,123.37,34
04:17:13.865303,123.37,60
04:17:13.865303,123.37,1
04:17:18.697180,123.36,2
04:17:20.994386,123.36,1
04:17:21.543163,123.36,10
04:17:22.184602,123.35,1
04:17:22.184602,123.35,1
04:17:22.184602,123.35,4
04:17:22.184602,123.35,1
04:17:28.525612,123.3,1
04:17:28.525612,123.3,1
04:17:28.525612,123.3,2
04:17:28.745115,123.3,1
04:17:28.745152,123.37,1
04:17:28.883356,123.36,10
04:17:31.339056,123.3,1
04:17:31.338818,123.35,1
04:17:32.874837,123.3,3
04:17:32.973149,123.3,69
04:17:32.973149,123.3,1
04:17:36.014861,123.3,5
04:17:36.014861,123.23,61
04:17:36.014861,123.2,34
04:17:36.806987,123.3,10
04:17:36.806987,123.3,30
04:17:36.806987,123.31,5
04:17:43.642618,123.31,6
04:17:43.642618,123.3,1
04:17:43.642618,123.3,84
04:17:49.379064,123.38,10
04:18:08.506793,123.31,1
04:18:08.506793,123.31,1
04:18:08.506849,123.35,10
04:18:08.506849,123.32,3
04:18:08.506849,123.31,1
04:18:08.506849,123.3,16
04:18:08.506849,123.3,38
04:18:09.664057,123.31,4
04:18:09.664057,123.3,4
04:18:38.773855,123.35,1
04:18:38.773855,123.32,19
04:18:47.211323,123.32,14
04:18:48.151117,123.32,79
04:18:48.151117,123.32,21
04:18:55.150022,123.32,20
04:18:55.150067,123.32,5
04:19:05.894194,123.32,100
04:19:06.459224,123.31,20
04:19:06.460054,123.31,1
04:19:06.460077,123.31,1
04:19:06.475120,123.31,2
04:19:06.732750,123.31,10
04:19:11.216671,123.3,1
04:19:11.216434,123.32,74
04:19:11.216515,123.31,1
04:19:11.216567,123.3,32
04:19:11.216567,123.3,1
04:19:11.216567,123.3,1
04:19:11.219559,123.3,1
04:19:11.219559,123.3,1
04:19:11.987374,123.28,34
04:19:11.987374,123.3,32
04:19:23.218945,123.27,2
04:19:23.218945,123.25,2
04:19:23.218945,123.24,34
04:19:23.218945,123.24,34
04:19:23.218945,123.23,28
04:19:24.726659,123.29,7
04:19:27.118725,123.3,3
04:19:29.699726,123.26,2
04:19:29.699726,123.29,398
04:19:34.160330,123.3,3
04:19:40.038459,123.29,1
04:19:40.038459,123.27,20
04:19:40.038899,123.29,1
04:19:40.038899,123.29,2
04:19:40.038899,123.26,1
04:19:40.038899,123.26,1
04:19:40.038899,123.26,374
04:19:43.657953,123.28,4
04:19:49.017252,123.29,34
04:19:49.017252,123.29,16
04:19:50.077509,123.26,126
04:19:50.343809,123.29,34
04:19:50.970744,123.26,1
04:19:56.626675,123.26,1
04:19:58.240381,123.25,1
04:19:58.240812,123.26,1
04:19:58.240812,123.25,1
04:20:02.373981,123.26,5
04:20:03.247266,123.26,3
04:20:04.224828,123.25,4
04:20:04.224828,123.23,393
04:20:04.224828,123.23,34
04:20:18.553242,123.23,1
04:20:24.727668,123.23,11
04:20:24.728084,123.23,189
04:20:25.028370,123.23,5
04:20:26.493811,123.23,2
04:20:33.231388,123.23,5
04:20:35.092016,123.22,100
04:20:36.380405,123.23,1
04:20:37.767973,123.22,2
04:20:39.546250,123.22,18
04:20:43.707688,123.23,17
04:20:43.707617,123.23,3
04:20:43.707617,123.23,3
04:20:43.921279,123.22,1
04:20:43.921489,123.22,5
04:20:44.952980,123.22,1
04:20:45.001663,123.21,2
04:20:45.001663,123.21,1
04:20:45.001663,123.21,1
04:20:45.001871,123.21,1
04:20:46.170369,123.2,2
04:20:46.170369,123.2,1
04:20:46.170369,123.2,5
04:20:46.170587,123.2,2
04:20:46.170587,123.2,1
04:20:46.170587,123.2,1
04:20:47.457282,123.21,34
04:20:47.461673,123.21,39
04:20:48.522799,123.21,4444
04:20:48.522799,123.21,34
04:20:48.522799,123.21,34
04:20:50.104174,123.23,350
04:20:50.104174,123.23,50
04:20:50.104204,123.23,34
04:20:51.108777,123.23,16
04:20:59.106463,123.25,24
04:21:16.118860,123.26,34
04:21:16.118860,123.25,80
04:21:17.898085,123.3,2
04:21:17.897842,123.31,10
04:21:17.897842,123.32,34
04:21:17.897842,123.34,34
04:21:17.897922,123.35,10
04:21:17.949746,123.35,5
04:21:17.998798,123.35,1
04:21:18.117287,123.35,10
04:21:18.117458,123.29,10
04:21:19.536750,123.36,34
04:21:19.536750,123.36,34
04:21:19.536750,123.35,332
04:21:20.303641,123.39,20
04:21:21.596647,123.37,10
04:21:21.596647,123.36,34
04:21:21.596647,123.35,564
04:21:21.597080,123.36,2
04:21:21.617896,123.25,2
04:21:22.166375,123.29,10
04:21:26.101623,123.25,200
04:21:26.107416,123.25,84
04:21:33.947616,123.26,25
04:21:43.390581,123.3,3
04:21:43.390581,123.27,108
04:21:43.390581,123.26,261
04:21:44.625203,123.32,3
04:21:54.569963,123.34,34
04:21:54.569963,123.34,34
04:21:54.569963,123.36,132
04:21:59.571039,123.36,1
04:22:10.126808,123.35,3
04:22:11.764103,123.35,10
04:22:11.764103,123.36,56
04:22:23.770702,123.34,2
04:22:23.891483,123.26,18
04:22:32.354916,123.26,15
04:22:33.276702,123.26,19
04:22:54.712679,123.26,100
04:22:54.713112,123.26,48
04:22:54.713112,123.26,1
04:22:54.713112,123.26,1
04:22:54.713112,123.26,100
04:22:54.743284,123.26,1
04:22:55.193866,123.26,4
04:22:55.273021,123.25,60
04:22:57.548607,123.26,20
04:23:03.380633,123.26,1
04:23:08.373367,123.26,7
04:23:09.604485,123.26,1
04:23:10.668107,123.25,279
04:23:14.922116,123.25,295
04:23:14.922116,123.25,5
04:23:15.042091,123.26,4
04:23:18.037534,123.26,7
04:23:19.636859,123.26,62
04:23:19.636859,123.26,40
04:23:24.342844,123.26,1
04:24:10.837604,123.32,100
04:24:10.837604,123.34,483
04:24:10.837604,123.34,34
04:24:10.837604,123.35,1
04:24:10.837604,123.36,5
04:24:10.837604,123.36,377
04:24:25.756044,123.35,5
04:24:25.804235,123.28,3
04:24:30.300950,123.35,95
04:24:30.300950,123.35,105
04:24:30.300950,123.35,33
04:24:34.576608,123.36,1
04:24:41.307547,123.37,2
04:24:42.926072,123.39,483
04:24:42.926072,123.4,100
04:24:42.926072,123.4,34
04:24:42.926506,123.37,15
04:24:42.926506,123.4,42
04:24:42.929461,123.4,326
04:24:56.445641,123.41,5
04:25:05.043188,123.41,3
04:25:09.092703,123.41,200
04:25:16.638214,123.41,50
04:25:30.585969,123.37,4
04:25:30.586018,123.37,4
04:25:30.586018,123.36,1
04:25:30.586018,123.36,1
04:25:40.556468,123.41,10
04:25:41.970795,123.41,3
04:25:49.369167,123.4,3
04:25:51.145479,123.41,34
04:25:51.145507,123.41,3
04:25:52.121810,123.39,34
04:25:52.121811,123.39,10
04:25:52.121812,123.39,34
04:25:52.121480,123.41,7
04:25:52.121480,123.4,2
04:25:52.121480,123.4,34
04:25:52.121480,123.4,34
04:25:52.121480,123.36,7
04:25:52.121480,123.36,2
04:25:52.121480,123.36,100
04:25:52.121480,123.35,10
04:25:52.121480,123.3,2
04:25:52.121480,123.3,42
04:25:52.121918,123.39,122
04:25:52.121577,123.3,34
04:25:52.121713,123.3,66
04:25:52.121713,123.3,7
04:25:52.167598,123.3,50
04:25:52.167794,123.3,4
04:25:52.868843,123.3,3
04:25:53.109010,123.3,1
04:25:54.156914,123.3,35
04:25:54.156914,123.3,65
04:25:54.157351,123.3,100
04:26:06.598122,123.3,20
04:26:07.932892,123.3,15
04:26:07.932892,123.3,100
04:26:07.932892,123.3,138
04:26:09.973474,123.38,1
04:26:22.579291,123.33,10
04:26:26.833085,123.3,1
04:26:26.833085,123.3,89
04:26:39.706722,123.33,2
04:26:39.706767,123.35,1
04:26:39.706767,123.34,2
04:26:40.298575,123.32,1
04:26:51.128271,123.35,100
04:26:51.128271,123.35,866
04:26:59.612386,123.32,11
04:26:59.612139,123.35,34
04:26:59.612139,123.35,57
04:26:59.612139,123.3,2
04:26:59.612139,123.3,34
04:26:59.612559,123.3,100
04:26:59.612559,123.3,981
04:26:59.612559,123.3,5
04:26:59.612559,123.3,11
04:26:59.612592,123.3,34
04:26:59.612592,123.3,34
04:26:59.613049,123.3,5
04:27:01.929645,123.3,95
04:27:01.929645,123.3,100
04:27:01.929645,123.3,521
04:27:03.727550,123.27,1
04:27:03.727550,123.26,97
04:27:03.727550,123.26,1
04:27:03.727550,123.26,4
04:27:03.727550,123.26,20
04:27:06.185348,123.25,1
04:27:06.185348,123.25,1
04:27:06.185348,123.25,10
04:27:06.185787,123.27,1
04:27:06.185787,123.27,100
04:27:06.185818,123.27,34
04:27:06.186196,123.25,1
04:27:06.186249,123.25,1
04:27:06.204566,123.25,1
04:27:06.226290,123.25,8
04:27:06.230408,123.25,10
04:27:06.230582,123.25,5
04:27:06.285116,123.27,34
04:27:06.284919,123.25,22
04:27:06.293035,123.25,50
04:27:06.293314,123.25,2
04:27:07.432317,123.26,34
04:27:08.442149,123.26,2
04:27:10.365836,123.24,34
04:27:10.365836,123.24,34
04:27:10.365836,123.23,1
04:27:10.365836,123.23,31
04:27:11.723541,123.24,34
04:27:11.723541,123.22,68
04:27:11.723541,123.22,34
04:27:11.723541,123.2,100
04:27:11.723541,123.2,1
04:27:11.723541,123.2,1
04:27:11.723541,123.2,10
04:27:11.723541,123.2,2
04:27:11.723541,123.2,1
04:27:11.723541,123.2,1
04:27:11.723541,123.2,1
04:27:11.724062,123.26,5
04:27:11.724062,123.23,5
04:27:11.724062,123.22,1
04:27:11.724062,123.21,15
04:27:11.724062,123.2,2
04:27:11.724062,123.2,15
04:27:11.743986,123.17,60
04:27:11.764818,123.2,66
04:27:13.608719,123.26,1
04:27:17.962844,123.26,5
04:27:20.625243,123.26,2
04:27:23.043817,123.27,5
04:27:37.579568,123.25,100
04:27:50.084469,123.26,3
04:27:53.427733,123.26,3
04:27:55.991388,123.26,19
04:28:10.050077,123.26,4
04:28:34.062050,123.26,30
04:28:46.802066,123.26,5
04:28:47.166064,123.29,1
04:28:47.208694,123.26,5
04:28:53.989819,123.29,77
04:29:06.619795,123.35,3
04:29:06.619795,123.35,12
04:29:17.391437,123.35,88
04:29:17.391437,123.36,10
04:29:17.391437,123.37,34
04:29:17.391437,123.38,60
04:29:17.391707,123.36,1
04:29:17.408565,123.4,100
04:29:17.408565,123.4,100
04:29:17.411209,123.4,966
04:29:21.429770,123.4,2
04:29:24.428216,123.4,23
04:29:25.501190,123.4,600
04:29:25.501499,123.4,17
04:29:32.401570,123.4,1
04:29:37.940603,123.42,5
04:29:41.789326,123.42,29
04:29:41.789326,123.42,34
04:29:41.789326,123.43,10
04:29:41.789326,123.45,100
04:29:41.789326,123.45,153
04:29:41.789326,123.45,100
04:29:41.789326,123.48,100
04:29:41.789326,123.49,40
04:29:41.789326,123.5,1
04:29:41.789759,123.49,100
04:29:41.789418,123.5,34
04:29:41.789922,123.5,5
04:29:41.790053,123.51,34
04:29:41.790055,123.51,34
04:29:41.789850,123.4,1
04:29:41.790085,123.52,34
04:29:41.790207,123.52,4
04:29:42.009045,123.5,35
04:29:42.008801,123.5,66
04:29:42.008801,123.5,100
04:29:42.120566,123.5,5
04:29:42.805395,123.51,2
04:30:05.209300,123.51,5
04:30:05.209300,123.5,100
04:30:05.209484,123.5,34
04:30:05.209280,123.5,100
04:30:05.209281,123.51,1
04:30:05.209281,123.51,20
04:30:05.209281,123.5,100
04:30:05.209281,123.5,18
04:30:05.209281,123.5,156
04:30:05.209573,123.5,34
04:30:06.001744,123.5,66
04:30:06.001744,123.5,14
04:30:13.441781,123.53,34
04:30:13.441781,123.51,100
04:30:13.441781,123.5,66
04:30:26.492071,123.5,66
04:30:26.492071,123.5,34
04:30:26.492089,123.5,66
04:30:26.492089,123.5,3
04:30:26.492089,123.5,1231
04:30:29.036466,123.41,1
04:30:29.036519,123.4,5
04:30:58.960756,123.46,34
04:30:58.960756,123.46,34
04:30:58.960756,123.5,532
04:31:03.011977,123.5,1
04:31:10.455354,123.5,10
04:31:11.536355,123.5,57
04:31:11.536355,123.5,19
04:31:20.428430,123.5,2
04:31:24.021010,123.5,1
04:31:24.416959,123.5,78
04:31:24.416959,123.5,100
04:31:24.416959,123.5,200
04:31:35.649088,123.51,5
04:31:39.060618,123.58,22
04:31:39.514670,123.51,11
04:31:42.615193,123.52,50
04:31:42.615193,123.51,39
04:31:42.615193,123.51,400
04:31:42.615193,123.5,2
04:31:42.615193,123.5,100
04:31:42.615193,123.5,409
04:31:42.801332,123.5,100
04:31:42.801332,123.5,900
04:31:46.148517,123.58,1
04:31:51.833850,123.5,10
04:31:52.195589,123.51,15
04:31:52.432870,123.5,40
04:32:00.229304,123.52,11
04:32:00.695458,123.51,16
04:32:00.958099,123.5,2
04:32:04.613283,123.51,14
04:32:04.613283,123.51,50
04:32:04.613283,123.5,36
04:32:12.642516,123.5,14
04:32:13.822166,123.58,4
04:32:20.095413,123.5,9
04:32:29.430910,123.53,13
04:32:31.932555,123.53,2
04:32:31.932555,123.52,6
04:32:32.985692,123.53,2
04:32:32.985692,123.5,25
04:32:32.985692,123.5,57
04:32:46.353827,123.51,14
04:32:52.255705,123.5,14
04:32:58.968558,123.51,9
04:33:07.519930,123.52,10
04:33:12.335958,123.52,38
04:33:12.335958,123.56,211
04:33:12.335958,123.57,60
04:33:12.335958,123.58,191
04:33:12.335967,123.58,9
04:33:12.336194,123.52,17
04:33:12.336273,123.57,34
04:33:12.338491,123.58,491
04:33:23.593354,123.53,34
04:33:23.593354,123.52,10
04:33:23.593354,123.51,356
04:33:32.695512,123.51,1
04:33:42.494889,123.56,1
04:34:15.627236,123.52,32
04:34:22.763327,123.52,400
04:34:40.753334,123.57,10
04:34:53.156057,123.56,17
04:34:53.156109,123.57,10
04:34:53.156109,123.58,2
04:34:53.156109,123.58,5
04:34:53.156109,123.58,67
04:35:12.265837,123.52,68
04:35:12.265837,123.52,5
04:35:12.265657,123.52,10
04:35:12.265816,123.52,1
04:35:12.265816,123.52,18
04:35:12.265816,123.52,1
04:35:12.267524,123.51,43
04:35:12.267524,123.51,2
04:35:12.267524,123.51,1
04:35:12.267480,123.51,1
04:35:12.267480,123.51,3
04:35:12.267480,123.51,1
04:35:12.267480,123.51,49
04:35:12.268877,123.5,100
04:35:12.269102,123.5,100
04:35:12.269102,123.5,5
04:35:12.269102,123.5,5
04:35:12.269102,123.5,50
04:35:12.269102,123.5,3
04:35:12.269102,123.5,200
04:35:12.269114,123.51,334
04:35:15.216229,123.54,5
04:35:21.798962,123.5,1
04:35:28.808106,123.5,25
04:35:32.881356,123.52,1
04:36:07.224551,123.5,51
04:36:08.453400,123.5,2
04:36:08.453400,123.5,98
04:36:20.137545,123.54,10
04:36:20.137545,123.52,2
04:36:20.137545,123.51,88
04:36:55.641027,123.52,1
04:37:19.213899,123.52,1
04:37:22.142452,123.53,67
04:37:22.142452,123.53,10
04:37:22.142452,123.52,5
04:37:22.142452,123.52,1
04:37:22.142452,123.52,1
04:37:22.142452,123.52,1
04:37:26.464242,123.52,15
04:37:30.233624,123.54,34
04:37:30.233624,123.55,353
04:37:33.059306,123.56,100
04:37:33.059306,123.56,53
04:37:33.059733,123.55,70
04:37:42.008267,123.59,25
04:37:46.052372,123.53,5
04:37:51.294934,123.55,3
04:37:51.294934,123.55,2
04:38:03.561227,123.58,1
04:38:05.943407,123.52,100
04:38:05.943668,123.57,3
04:38:15.926080,123.53,50
04:38:17.185373,123.53,5
04:38:19.589589,123.53,1
04:38:30.320537,123.55,5
04:38:56.725208,123.55,30
04:39:01.463956,123.55,3
04:39:07.726877,123.58,100
04:39:26.618729,123.58,10
04:39:39.525923,123.55,3
04:39:44.799206,123.58,15
04:39:52.550036,123.58,9
04:39:53.458028,123.55,7
04:39:53.458028,123.55,9
04:39:53.458028,123.55,200
04:39:53.458028,123.54,34
04:39:53.458028,123.54,34
04:39:53.458028,123.53,173
04:39:53.458028,123.53,4
04:39:53.458028,123.52,100
04:39:53.458028,123.52,50
04:39:53.458028,123.52,1
04:39:53.458028,123.51,5
04:39:53.458028,123.51,10
04:39:53.458028,123.51,10
04:39:56.433826,123.51,34
04:40:07.038486,123.51,51
04:40:18.844828,123.55,5
04:40:23.140970,123.51,37
04:40:27.968438,123.51,500
04:40:28.462944,123.55,33
04:40:30.709728,123.51,1000
04:40:30.994269,123.57,10
04:40:33.267292,123.51,25
04:41:06.420190,123.58,5
04:41:16.948228,123.58,40
04:41:33.118308,123.6,50
04:41:36.491274,123.58,2
04:42:00.749576,123.6,5
04:42:02.883775,123.58,34
04:42:02.884245,123.58,24
04:42:02.884008,123.58,1
04:42:02.884008,123.58,30
04:42:09.241521,123.58,1
04:42:14.877265,123.58,18
04:42:19.272047,123.58,5
04:42:32.825763,123.55,30
04:42:32.825763,123.55,9
04:42:32.826010,123.56,2
04:42:32.847233,123.55,2
04:42:40.768856,123.54,5
04:42:44.790752,123.55,1
04:42:44.790752,123.53,2
04:42:44.790752,123.52,1
04:42:44.790752,123.52,34
04:42:44.791193,123.52,3
04:42:44.791193,123.52,1
04:42:44.791193,123.52,1
04:42:44.791193,123.51,212
04:42:44.791193,123.51,2
04:42:44.791193,123.51,30
04:43:15.923640,123.51,53
04:43:20.477729,123.51,117
04:43:20.477729,123.51,34
04:43:20.477729,123.5,100
04:43:20.477729,123.5,20
04:43:20.477729,123.5,500
04:43:20.477729,123.5,1
04:43:20.477729,123.5,1
04:43:20.477729,123.5,50
04:43:20.477729,123.5,1
04:43:20.477729,123.5,11
04:43:20.477729,123.5,2
04:43:20.477729,123.5,134
04:43:20.477901,123.55,3
04:43:25.199255,123.54,3
04:43:42.322869,123.51,3
04:43:42.322869,123.5,166
04:43:42.322869,123.5,28
04:43:42.322718,123.52,5
04:43:42.322718,123.5,100
04:43:42.322718,123.5,1
04:43:42.322718,123.5,2
04:43:42.322718,123.5,10
04:43:42.322718,123.5,2
04:43:42.322872,123.52,3
04:43:42.322872,123.51,30
04:43:46.004956,123.5,72
04:43:46.004956,123.5,100
04:43:46.004956,123.5,187
04:43:46.005191,123.5,100
04:43:46.005576,123.5,34
04:43:46.005317,123.5,28
04:43:46.005317,123.5,100
04:43:46.005317,123.5,1
04:43:46.005317,123.5,1
04:43:46.005317,123.5,100
04:43:46.005317,123.5,1
04:43:46.005317,123.5,1
04:43:46.005317,123.5,1
04:43:46.005317,123.5,8
04:43:46.005317,123.5,300
04:43:46.005515,123.5,34
04:43:47.302861,123.5,66
04:43:47.302861,123.5,100
04:43:47.302861,123.5,13
04:43:47.302861,123.5,34
04:43:47.303142,123.5,87
04:43:52.473264,123.5,100
04:43:52.473264,123.5,82
04:43:52.473526,123.5,3
04:43:52.473526,123.5,97
04:43:52.473632,123.5,100
04:43:52.474246,123.5,18
04:43:54.779014,123.5,34
04:43:54.779044,123.5,34
04:43:54.778768,123.5,1
04:43:54.778768,123.5,100
04:43:54.778768,123.5,100
04:43:54.779208,123.5,32
04:43:54.779208,123.5,68
04:43:54.779318,123.5,32
04:43:54.779318,123.5,34
04:43:54.783264,123.5,51
04:43:59.156651,123.5,10
04:44:08.082770,123.5,1
04:44:15.425492,123.48,1
04:44:15.425492,123.48,32
04:44:15.425523,123.46,10
04:44:15.425171,123.49,2
04:44:15.425171,123.48,20
04:44:15.425171,123.46,34
04:44:15.425171,123.46,34
04:44:15.425171,123.45,3
04:44:15.425565,123.45,3
04:44:15.425171,123.43,2
04:44:15.425565,123.45,5
04:44:15.425171,123.4,1
04:44:15.425171,123.4,47
04:44:15.425171,123.36,41
04:44:15.425171,123.35,2
04:44:15.425171,123.31,1
04:44:15.425171,123.3,1
04:44:15.425171,123.3,1
04:44:15.425171,123.3,5
04:44:15.425171,123.3,1
04:44:15.425171,123.3,1
04:44:15.425171,123.3,10
04:44:15.425171,123.28,1
04:44:15.425595,123.42,30
04:44:15.425595,123.4,2
04:44:15.425595,123.38,2
04:44:15.425171,123.25,5
04:44:15.425171,123.25,5
04:44:15.425595,123.36,41
04:44:15.425171,123.25,1
04:44:15.425171,123.25,1
04:44:15.425171,123.22,1
04:44:15.425171,123.21,100
04:44:15.425171,123.2,2
04:44:15.425171,123.2,1
04:44:15.425171,123.2,20
04:44:15.425171,123.2,2
04:44:15.425171,123.18,1
04:44:15.425171,123.17,1
04:44:15.425171,123.16,100
04:44:15.425479,123.48,1
04:44:15.425479,123.25,1
04:44:15.425479,123.22,25
04:44:15.426464,123.31,34
04:44:15.426464,123.3,17
04:44:15.567861,123.3,1
04:44:15.568192,123.3,10
04:44:15.568359,123.3,10
04:44:16.813183,123.4,1
04:44:40.022676,123.34,23
04:44:42.605063,123.35,100
04:44:42.607548,123.35,100
04:44:42.608565,123.35,75
04:44:50.305876,123.41,8
04:45:09.411475,123.4,10
04:45:12.673044,123.4,1
04:45:15.388361,123.37,100
04:45:17.498782,123.36,34
04:45:17.571461,123.36,34
04:45:17.615899,123.35,25
04:45:17.616336,123.37,8
04:45:17.616336,123.35,102
04:45:18.503853,123.36,32
04:45:40.328813,123.35,35
04:45:50.863688,123.35,863
04:45:50.865176,123.3,12
04:45:50.865176,123.3,6
04:45:50.865176,123.3,8
04:45:50.865176,123.3,30
04:45:50.865419,123.35,7
04:45:50.865478,123.31,1
04:45:54.159027,123.3,400
04:45:54.159346,123.3,1181
04:45:57.883580,123.3,2
04:46:02.071514,123.3,1
04:46:02.071514,123.29,10
04:46:02.071971,123.29,27
04:46:07.870220,123.29,5
04:46:08.367870,123.3,531
04:46:12.429864,123.3,200
04:46:16.371045,123.29,13
04:46:16.371467,123.29,38
04:46:20.329498,123.29,599
04:46:21.335409,123.29,331
04:46:22.932474,123.3,60
04:46:28.068119,123.27,600
04:46:29.378730,123.27,69
04:46:31.387811,123.27,50
04:46:38.308995,123.27,20
04:46:38.309419,123.27,281
04:46:45.111742,123.26,260
04:46:45.111742,123.26,10
04:46:46.760186,123.26,1
04:46:48.008992,123.25,80
04:46:48.354714,123.27,5
04:46:52.211235,123.27,195
04:46:52.211235,123.27,105
04:47:03.403613,123.25,1
04:47:03.403613,123.25,9
04:47:12.710110,123.28,25
04:47:18.662129,123.28,3
04:47:18.662129,123.28,25
04:47:18.662129,123.29,1
04:47:20.859067,123.29,10
04:47:21.362717,123.25,1
04:47:21.362717,123.25,32
04:47:34.609495,123.25,9
04:47:35.595280,123.25,50
04:47:36.793026,123.25,300
04:47:37.308491,123.25,20
04:47:39.189969,123.25,68
04:47:39.189969,123.25,1
04:47:39.193647,123.25,331
04:47:39.193953,123.25,344
04:47:39.193953,123.25,1
04:47:39.193953,123.25,2
04:47:39.193953,123.25,1
04:47:39.193953,123.25,1
04:47:39.193829,123.25,5
04:47:39.193829,123.25,2
04:47:39.193829,123.25,1
04:47:45.003844,123.24,35
04:47:45.003844,123.24,101
04:48:14.033381,123.25,58
04:48:14.842941,123.23,1
04:48:18.271751,123.28,34
04:48:18.271751,123.28,34
04:48:18.272180,123.24,10
04:48:18.272180,123.3,322
04:48:18.272505,123.3,385
04:48:35.644118,123.33,20
04:48:40.178274,123.33,2
04:48:44.772250,123.38,34
04:48:44.772250,123.39,10
04:48:44.772250,123.4,34
04:48:51.026896,123.33,217
04:49:04.607185,123.33,8
04:49:05.608532,123.33,40
04:49:11.992233,123.35,13
04:49:20.390672,123.35,15
04:49:27.387268,123.33,10
04:49:31.093089,123.33,1
04:49:53.429036,123.34,20
04:49:55.148792,123.33,1
04:49:55.225384,123.33,1
04:49:55.262145,123.33,1
04:49:56.772702,123.33,1
04:50:05.197990,123.35,1
04:50:17.826880,123.35,1
04:50:18.117715,123.35,15
04:50:18.501651,123.35,60
04:50:20.995660,123.35,30
04:50:26.816149,123.34,34
04:50:26.985753,123.35,109
04:50:26.985753,123.35,50
04:50:26.985753,123.35,162
04:50:27.288809,123.35,1
04:50:27.300607,123.35,16
04:50:34.793460,123.34,34
04:50:34.797339,123.34,14
04:50:38.557235,123.34,10
04:51:24.238138,123.3,50
04:51:24.238138,123.3,1
04:51:24.238138,123.3,1
04:51:24.238138,123.3,48
04:51:24.237860,123.3,9
04:51:24.237860,123.3,10
04:51:24.237860,123.3,1
04:51:24.237860,123.29,10
04:51:24.237860,123.28,34
04:51:24.237860,123.28,34
04:51:24.237860,123.25,3
04:51:24.237860,123.25,1
04:51:24.237860,123.25,30
04:51:24.237860,123.18,1
04:51:24.237860,123.18,100
04:51:24.237860,123.18,39
04:51:24.237860,123.18,176
04:51:24.238299,123.3,52
04:51:24.239161,123.23,1
04:51:24.239161,123.22,1
04:51:24.239161,123.22,50
04:51:24.239161,123.21,11
04:51:24.239161,123.21,37
04:51:24.239323,123.34,4
04:51:24.370035,123.23,34
04:51:24.370035,123.22,14
04:51:24.369908,123.24,4
04:51:27.897295,123.22,36
04:51:27.897295,123.21,63
04:51:27.897295,123.21,1
04:51:27.897295,123.21,200
04:51:27.897295,123.21,100
04:51:28.327813,123.29,1
04:51:29.217115,123.3,10
04:51:30.269234,123.23,400
04:51:58.078677,123.23,54
04:52:03.605864,123.23,1
04:52:09.461849,123.23,1
04:52:09.528337,123.23,20
04:52:11.991787,123.23,78
04:52:11.991787,123.23,22
04:52:13.760085,123.23,50
04:52:24.655618,123.21,3
04:52:24.655618,123.21,34
04:52:24.655618,123.2,5
04:52:24.655618,123.2,5
04:52:24.655618,123.2,50
04:52:24.655618,123.2,1
04:52:24.655618,123.2,100
04:52:24.655618,123.2,50
04:52:24.655618,123.2,1
04:52:24.655618,123.2,1
04:52:24.655892,123.23,2
04:52:24.655949,123.22,17
04:52:29.384051,123.2,1
04:52:29.384488,123.2,250
04:52:46.329474,123.21,9
04:52:46.329474,123.21,18
04:53:09.086605,123.2,1
04:53:18.014549,123.21,1
04:53:21.949519,123.21,1
04:53:21.949519,123.2,1
04:53:21.949519,123.2,15
04:53:33.060479,123.23,20
04:53:43.210629,123.22,1
04:53:43.210629,123.23,130
04:53:43.210629,123.23,36
04:54:00.978333,123.24,10
04:54:15.026763,123.23,1
04:54:15.026763,123.21,199
04:54:15.029751,123.21,23
04:54:15.054390,123.2,13
04:54:15.054390,123.2,1
04:54:15.054390,123.2,3
04:54:15.054390,123.2,5
04:54:15.054390,123.2,1
04:54:15.054152,123.2,5
04:54:15.054152,123.2,10
04:54:17.035128,123.19,33
04:54:17.988717,123.19,5
04:54:21.181751,123.19,7
04:54:25.645647,123.19,129
04:54:26.682878,123.2,2
04:54:26.929121,123.2,50
04:54:27.642112,123.2,50
04:54:28.654956,123.19,2
04:54:28.825120,123.19,1
04:54:29.313892,123.19,50
04:54:29.318024,123.19,200
04:54:29.714255,123.19,50
04:54:29.714255,123.2,194
04:55:24.839770,123.23,1
04:56:08.976227,123.25,2
04:56:08.976227,123.24,48
04:56:24.999608,123.24,50
04:56:25.097473,123.24,95
04:56:25.097473,123.23,2
04:56:25.097473,123.23,1
04:56:28.015570,123.24,4
04:56:30.207602,123.25,1
04:56:53.878726,123.24,2
04:56:53.878726,123.24,368
04:56:53.878726,123.24,34
04:56:53.878726,123.24,34
04:56:53.885866,123.25,4
04:56:53.885684,123.25,34
04:56:55.801442,123.24,651
04:57:06.065579,123.25,1
04:57:08.531878,123.25,61
04:57:08.531878,123.25,55
04:57:34.030986,123.28,1
04:57:39.010751,123.28,4
04:57:40.593534,123.29,34
04:57:40.593534,123.29,20
04:57:40.593534,123.3,146
04:57:55.526402,123.29,1
04:57:55.973631,123.3,254
04:57:55.973631,123.3,12
04:57:55.973631,123.3,4
04:57:55.974128,123.34,1
04:57:55.973878,123.29,34
04:57:55.973896,123.29,15
04:57:56.977633,123.32,10
04:58:15.181945,123.31,7
04:58:15.182405,123.31,43
04:58:17.003017,123.3,34
04:58:17.003447,123.31,82
04:58:37.556580,123.32,1
04:58:37.556580,123.32,46
04:58:51.830261,123.38,34
04:58:51.830261,123.41,10
04:58:51.830261,123.42,34
04:58:51.830261,123.43,38
04:58:51.830261,123.43,87
04:58:55.375887,123.35,34
04:58:55.375887,123.31,5
04:58:55.375887,123.31,17
04:58:55.375887,123.31,1
04:58:55.375927,123.31,34
04:59:01.554102,123.31,1
04:59:06.846565,123.39,6
04:59:13.354619,123.31,1
04:59:27.895732,123.31,7
04:59:35.875222,123.32,1
04:59:35.875222,123.32,2
04:59:42.089875,123.41,7
04:59:42.089875,123.41,34
04:59:42.089875,123.41,34
04:59:42.089875,123.43,1
04:59:42.089875,123.43,9
04:59:42.089875,123.43,110
04:59:42.090317,123.44,165
04:59:44.797596,123.35,2
04:59:55.883276,123.43,1
05:00:06.560122,123.43,10
05:00:09.571618,123.41,11
05:00:09.571618,123.4,2
05:00:44.139780,123.43,1
05:00:44.139780,123.34,49
05:00:48.216496,123.43,2
05:00:50.132918,123.43,3
05:01:16.041844,123.43,2
05:01:16.041904,123.44,3
05:01:16.041904,123.43,1
05:01:16.041904,123.4,1
05:01:16.041904,123.4,1
05:01:29.459193,123.43,2
05:01:45.446103,123.48,1
05:02:15.136258,123.43,2
05:02:15.136258,123.43,5
05:02:15.136258,123.43,3
05:02:15.136258,123.43,1
05:02:15.136258,123.43,30
05:02:15.136518,123.49,1
05:02:23.027949,123.43,50
05:02:53.340168,123.42,38
05:03:04.622142,123.42,47
05:03:09.532899,123.42,10
05:03:39.108963,123.49,65
05:03:39.108963,123.49,34
05:03:39.108963,123.5,1
05:03:39.189344,123.44,34
05:03:39.189344,123.43,3
05:03:39.189344,123.43,1
05:03:39.189344,123.42,2
05:03:41.195249,123.4,40
05:03:45.401567,123.41,50
05:03:47.130124,123.41,20
05:03:47.130124,123.41,30
05:04:39.061650,123.5,1
05:04:42.333596,123.5,1
05:04:44.688078,123.5,5
05:04:45.337179,123.5,20
05:04:46.202038,123.5,50
05:04:50.040829,123.5,22
05:04:50.040829,123.5,1
05:04:50.040829,123.5,27
05:04:59.519614,123.5,1
05:05:08.621360,123.5,5
05:05:11.423887,123.5,37
05:05:11.423887,123.5,1
05:05:14.793767,123.5,1
05:05:14.793767,123.5,1
05:05:14.793767,123.5,13
05:05:14.793767,123.47,10
05:05:14.793767,123.46,25
05:05:16.596770,123.51,23
05:05:25.330415,123.5,6
05:05:25.330415,123.5,2
05:05:25.330415,123.45,4
05:05:26.674909,123.51,1
05:05:29.172896,123.5,5
05:05:34.111886,123.5,20
05:05:37.791305,123.5,5
05:05:37.877294,123.5,70
05:05:37.877294,123.5,358
05:05:37.877294,123.5,58
05:05:37.877294,123.5,34
05:05:41.362093,123.51,10
05:05:41.939757,123.51,34
05:05:41.967173,123.53,32
05:05:44.585530,123.54,3
05:05:44.585530,123.53,6
05:06:09.376941,123.51,4
05:06:18.768060,123.51,1
05:06:19.658056,123.51,1
05:06:20.218170,123.51,8
05:06:27.908511,123.51,2
05:06:29.688788,123.51,10
05:06:46.872410,123.51,2
05:06:46.872410,123.51,1
05:07:01.734160,123.55,2
05:07:01.832137,123.51,10
05:07:04.136402,123.51,6
05:07:04.136402,123.51,4
05:07:21.193017,123.51,1
05:07:35.123709,123.51,1
05:07:38.702769,123.51,1
05:07:47.092053,123.5,1
05:07:47.092053,123.5,100
05:07:47.092053,123.5,2
05:07:47.092367,123.5,100
05:07:47.092367,123.5,100
05:07:47.092448,123.51,1
05:07:47.092448,123.51,1
05:07:47.092448,123.5,98
05:08:02.480800,123.5,1
05:08:24.300984,123.5,1
05:08:30.565898,123.5,25
05:08:37.928683,123.55,4
05:08:37.928683,123.55,34
05:08:37.928683,123.55,34
05:08:37.928683,123.56,20
05:08:37.928683,123.56,8
05:09:14.187330,123.57,3
05:09:17.183636,123.51,31
05:09:17.184805,123.52,10
05:09:17.184805,123.51,34
05:09:17.184805,123.51,15
05:09:21.133120,123.57,70
05:09:27.482798,123.56,1
05:09:33.165278,123.56,1
05:09:45.427551,123.56,5
05:10:05.802497,123.57,1
05:10:11.092256,123.56,4
05:10:19.924466,123.56,5
05:10:20.328063,123.51,2
05:10:21.328287,123.51,10
05:10:23.034334,123.57,1
05:10:23.034334,123.57,1
05:10:31.794009,123.57,1
05:10:40.234786,123.56,3
05:10:45.429553,123.51,1
05:10:45.429553,123.51,1
05:10:45.429553,123.5,1
05:10:45.429553,123.5,46
05:10:45.429553,123.5,50
05:10:45.429553,123.5,2
05:10:45.429553,123.5,1
05:10:45.429553,123.5,1
05:10:45.429553,123.5,1
05:10:45.429553,123.5,5
05:10:45.429553,123.5,34
05:10:45.429996,123.5,1
05:10:45.429996,123.5,56
05:11:10.308103,123.56,2
05:11:14.759168,123.51,8
05:11:36.841164,123.51,15
05:12:05.026308,123.55,5
05:12:22.558481,123.51,1
05:12:22.777927,123.51,5
05:12:22.778072,123.55,5
05:12:23.948652,123.51,14
05:12:42.055005,123.51,2
05:13:02.636211,123.51,18
05:13:11.749747,123.51,2
05:13:21.508933,123.51,2
05:13:21.508933,123.51,1
05:13:21.508933,123.51,5
05:13:21.508933,123.51,6
05:13:44.591775,123.51,24
05:13:44.591775,123.51,1
05:13:44.591775,123.51,1
05:13:44.591775,123.5,2
05:13:44.591775,123.5,1
05:13:44.591775,123.5,1
05:14:20.417529,123.55,19
05:14:20.417529,123.55,1
05:14:25.787729,123.56,1
05:14:42.904275,123.56,1
05:14:52.576737,123.51,1
05:15:36.703912,123.55,9
05:15:45.396670,123.55,4
05:15:45.396670,123.55,1
05:16:23.565919,123.56,10
05:16:23.565919,123.56,34
05:16:31.612325,123.55,1
05:16:31.612325,123.55,1
05:16:31.612325,123.55,1
05:16:31.612325,123.55,7
05:16:31.612325,123.54,1
05:16:31.612325,123.53,10
05:16:31.612325,123.52,3
05:16:31.612325,123.52,6
05:17:10.338562,123.55,1
05:17:19.063247,123.55,8
05:17:34.848643,123.55,5
05:17:34.848643,123.55,1
05:17:34.848643,123.55,1
05:17:34.848643,123.57,1
05:17:34.848643,123.57,70
05:17:34.848643,123.57,34
05:17:34.848643,123.57,34
05:17:34.848643,123.58,54
05:17:37.241755,123.58,50
05:17:39.681494,123.58,50
05:17:43.680568,123.58,46
05:17:43.680568,123.61,4
05:18:11.059441,123.62,10
05:18:11.059441,123.63,30
05:18:11.059441,123.63,10
05:18:13.378536,123.63,50
05:18:19.160844,123.63,1
05:18:19.972002,123.63,50
05:18:26.578366,123.62,10
05:18:26.578366,123.63,34
05:18:26.578366,123.63,1
05:18:26.578366,123.63,5
05:18:43.503050,123.62,5
05:18:49.766295,123.6,3
05:18:58.741934,123.6,34
05:18:58.741934,123.6,34
05:18:58.741936,123.6,10
05:18:58.741938,123.6,34
05:18:58.741690,123.61,5
05:18:58.741690,123.62,34
05:18:58.741690,123.63,1
05:18:58.742133,123.6,235
05:18:58.742133,123.62,15
05:18:58.742133,123.62,32
05:18:58.742133,123.63,260
05:19:08.375096,123.62,34
05:19:09.135093,123.63,100
05:19:13.130022,123.63,4
05:19:13.982770,123.63,131
05:19:13.983299,123.66,25
05:19:31.747297,123.69,80
05:19:31.974625,123.67,34
05:19:31.974686,123.67,12
05:19:31.974734,123.66,34
05:19:34.042393,123.66,150
05:19:34.052139,123.66,171
05:19:34.052139,123.68,70
05:19:34.052139,123.69,20
05:19:34.052139,123.69,34
05:19:34.052640,123.69,26
05:19:43.933239,123.69,2
05:20:03.864319,123.7,30
05:20:03.864319,123.7,80
05:20:03.864319,123.7,10
05:20:03.864418,123.69,55
05:20:03.864418,123.69,10
05:20:03.864418,123.7,40
05:20:03.881793,123.7,10
05:20:12.846214,123.69,20
05:20:14.302856,123.7,34
05:20:14.302856,123.7,34
05:20:14.302856,123.69,54
05:20:14.302856,123.69,164
05:20:14.309285,123.69,5
05:20:17.323447,123.7,8
05:20:29.765829,123.7,1
05:20:45.933495,123.71,8
05:20:45.933495,123.7,3
05:20:45.981108,123.7,1
05:21:00.251541,123.69,20
05:21:02.464331,123.7,99
05:21:02.464331,123.7,89
05:21:31.306750,123.72,1
05:21:31.306699,123.69,2
05:21:32.629553,123.69,1
05:21:37.756807,123.7,10
05:21:37.756807,123.7,3
05:21:37.757043,123.71,10
05:21:39.572719,123.69,10
05:21:39.572719,123.69,10
05:21:43.082375,123.71,1
05:22:24.714643,123.71,1
05:22:39.319344,123.71,200
05:22:40.411787,123.71,10
05:22:40.411595,123.71,5
05:22:40.411764,123.71,133
05:22:42.162887,123.7,1
05:22:48.360448,123.71,5
05:23:00.204345,123.72,34
05:23:02.596583,123.72,50
05:23:09.260151,123.72,37
05:23:13.542880,123.72,1
05:23:26.850408,123.72,2
05:23:40.269720,123.73,80
05:23:40.288375,123.72,1
05:23:43.654173,123.72,20
05:23:46.726121,123.72,20
05:23:49.669766,123.71,1
05:23:50.759767,123.72,13
05:23:56.418454,123.71,1
05:23:57.103586,123.72,1
05:23:57.103586,123.7,10
05:23:59.500713,123.7,5
05:23:59.500713,123.7,1
05:23:59.500713,123.7,3
05:24:01.883482,123.71,2
05:24:01.883482,123.71,3
05:24:01.883735,123.7,1
05:24:01.884013,123.7,5
05:24:01.885885,123.7,2
05:24:01.885885,123.7,5
05:24:07.894298,123.69,2
05:24:18.291631,123.69,34
05:24:20.817583,123.69,14
05:24:35.847369,123.71,2
05:24:46.449336,123.68,1
05:24:46.449336,123.68,1
05:24:46.449336,123.68,1
05:24:46.449336,123.68,34
05:24:46.449336,123.67,13
05:24:48.494670,123.67,200
05:24:50.535659,123.68,2
05:24:51.900098,123.68,10
05:24:51.900098,123.68,1
05:24:51.900098,123.68,15
05:24:51.900098,123.66,500
05:24:51.900098,123.66,5
05:24:51.900352,123.66,34
05:24:51.904007,123.66,34
05:24:56.144633,123.66,19
05:25:13.839939,123.65,1
05:25:14.696359,123.65,50
05:25:19.573008,123.65,10
05:25:20.220284,123.65,19
05:25:20.220284,123.65,398
05:25:40.826896,123.66,1
05:25:40.826896,123.66,1
05:25:40.826896,123.64,34
05:25:43.495600,123.62,73
05:25:43.495600,123.62,34
05:25:43.495600,123.62,34
05:25:43.495600,123.61,10
05:25:48.919213,123.61,1
05:25:49.618490,123.6,1
05:25:49.618490,123.6,34
05:25:49.618490,123.6,34
05:25:49.872619,123.6,34
05:25:57.303769,123.6,1
05:25:59.911554,123.61,50
05:26:01.928436,123.6,148
05:26:02.081376,123.66,1
05:26:03.326496,123.61,1
05:26:03.326496,123.61,1
05:26:07.893823,123.66,1
05:26:11.252978,123.58,1
05:26:11.252978,123.57,2
05:26:11.886096,123.6,10
05:26:13.523447,123.6,1
05:26:17.215566,123.59,1
05:26:24.637246,123.6,1
05:26:42.070984,123.61,170
05:26:42.071325,123.61,34
05:26:43.073175,123.6,1
05:26:45.118187,123.61,20
05:26:48.727583,123.6,20
05:27:07.496182,123.61,1
05:27:15.559263,123.61,1
05:27:16.295805,123.59,2
05:27:22.281774,123.59,1
05:27:26.509252,123.59,1
05:27:40.521461,123.6,1
05:27:42.728599,123.59,1
05:28:02.222518,123.59,3
05:28:04.737035,123.59,1
05:28:05.523166,123.59,1
05:28:08.154553,123.59,1
05:28:12.008713,123.59,1
05:28:23.719848,123.59,2
05:28:25.337590,123.58,1
05:28:25.337590,123.58,1
05:28:25.337590,123.58,2
05:28:25.337590,123.58,2
05:28:25.337590,123.58,2
05:28:28.759270,123.58,1
05:28:29.105171,123.58,50
05:28:30.536861,123.58,1
05:28:53.569453,123.59,4
05:29:03.612445,123.59,5
05:29:16.506057,123.59,1
05:29:21.575295,123.59,1
05:29:21.575295,123.59,9
05:29:21.575326,123.59,10
05:29:21.575526,123.59,10
05:29:25.106323,123.59,1
05:29:31.411982,123.58,2
05:29:31.411982,123.58,1
05:29:31.411982,123.58,1
05:29:31.411982,123.58,1
05:29:31.411982,123.58,2
05:29:31.411982,123.58,30
05:29:31.411982,123.58,1
05:29:31.411714,123.58,3
05:29:31.411714,123.57,10
05:29:31.411714,123.56,10
05:29:31.411714,123.56,50
05:29:31.411714,123.55,1
05:29:31.411714,123.55,10
05:29:31.411714,123.53,6
05:30:06.442233,123.58,50
05:30:23.859330,123.59,50
05:30:23.859330,123.6,150
05:30:30.059627,123.61,200
05:30:30.851587,123.61,197
05:30:30.851587,123.61,3
05:30:38.813106,123.61,9
05:30:38.813106,123.64,10
05:30:38.813106,123.64,10
05:30:38.813106,123.65,85
05:31:02.885626,123.65,1
05:31:10.170412,123.6,20
05:31:10.281835,123.65,3
05:31:29.044239,123.64,1
05:31:39.553510,123.6,1
05:31:45.311823,123.62,50
05:31:45.311582,123.64,49
05:31:45.311582,123.65,10
05:31:45.312007,123.62,109
05:31:45.312413,123.65,50
05:31:45.974128,123.65,1
05:31:51.108791,123.65,50
05:31:52.972409,123.65,31
05:31:52.972409,123.61,6
05:31:52.972409,123.6,1
05:31:52.972409,123.6,12
05:31:54.829557,123.64,1
05:31:55.714712,123.6,38
05:31:57.087115,123.6,16
05:31:57.856034,123.59,1
05:32:00.136042,123.6,1
05:32:06.250480,123.6,1
05:32:10.686548,123.6,1
05:32:17.129878,123.6,2
05:32:20.229897,123.6,1
05:32:25.061873,123.6,16
05:32:27.865467,123.6,1
05:32:30.522031,123.58,2
05:32:30.522031,123.57,2
05:32:33.408588,123.58,5
05:32:34.795198,123.58,1
05:32:50.524514,123.58,44
05:32:50.524514,123.59,56
05:32:58.459898,123.59,7
05:32:59.867372,123.59,2
05:33:00.030488,123.59,1
05:33:00.032500,123.57,1
05:33:00.032500,123.55,1
05:33:00.032500,123.55,1
05:33:00.032500,123.55,22
05:33:01.416049,123.58,4
05:33:01.426763,123.55,1
05:33:01.426763,123.55,3
05:33:02.547725,123.58,1
05:33:03.171359,123.54,1
05:33:03.171359,123.53,60
05:33:03.171359,123.53,39
05:33:09.335243,123.58,10
05:33:16.984205,123.55,7
05:33:18.083787,123.57,1
05:33:22.941749,123.53,13
05:33:39.976012,123.57,1
05:33:43.592748,123.54,1
05:33:43.592748,123.54,1
05:33:43.592748,123.54,3
05:34:08.396072,123.54,1
05:34:28.529437,123.58,5
05:34:31.265936,123.58,1
05:34:53.554018,123.54,2
05:35:03.343596,123.58,1
05:35:04.106775,123.55,1
05:35:07.425829,123.55,68
05:35:07.425829,123.55,153
05:35:07.425829,123.54,1
05:35:07.425829,123.53,4
05:35:07.425829,123.53,1
05:35:07.425829,123.53,101
05:35:07.429311,123.52,150
05:35:07.453644,123.52,2
05:35:07.468246,123.52,10
05:35:07.525347,123.52,50
05:35:12.680098,123.54,2
05:35:17.151881,123.53,5
05:35:17.151881,123.52,1
05:35:17.151881,123.52,10
05:35:17.151881,123.51,1
05:35:17.151881,123.51,16
05:35:17.151881,123.51,1
05:35:17.151881,123.51,1
05:35:17.151881,123.51,1
05:35:17.151881,123.51,50
05:35:17.151881,123.5,44
05:35:17.151881,123.5,10
05:35:17.151881,123.5,10
05:35:17.151881,123.5,1
05:35:17.151881,123.5,1
05:35:17.151881,123.5,1
05:35:17.151881,123.5,2
05:35:17.151881,123.5,1
05:35:17.151881,123.5,44
05:35:18.521590,123.54,2
05:35:18.521590,123.51,1
05:35:18.521590,123.51,5
05:35:18.521590,123.51,2
05:35:18.521590,123.51,2
05:35:18.521590,123.51,13
05:35:18.521590,123.5,50
05:35:18.521590,123.5,1
05:35:18.521590,123.5,15
05:35:18.521590,123.5,1
05:35:18.521590,123.5,1
05:35:18.521590,123.5,20
05:35:18.521590,123.5,1
05:35:18.521590,123.5,10
05:35:18.521590,123.5,1
05:35:18.521590,123.5,75
05:35:21.463704,123.51,1
05:35:21.463704,123.5,50
05:35:21.464145,123.5,24
05:35:21.748339,123.53,4
05:35:22.037512,123.51,1
05:35:22.037512,123.51,1
05:35:22.037512,123.51,20
05:35:22.037512,123.5,3
05:35:23.469384,123.5,50
05:35:27.389168,123.49,20
05:35:27.389168,123.49,10
05:35:27.389168,123.47,27
05:35:28.960882,123.5,1
05:35:31.163210,123.5,9
05:35:31.163210,123.5,5
05:35:31.163210,123.5,1
05:35:31.163210,123.5,1
05:35:31.163210,123.5,1
05:35:31.163210,123.5,20
05:35:31.192891,123.5,6
05:35:31.262042,123.5,2
05:35:31.411067,123.5,1
05:35:31.411067,123.5,2
05:35:49.664905,123.57,38
05:35:49.664905,123.57,50
05:35:49.664905,123.57,29
05:35:49.665226,123.54,50
05:36:26.409659,123.58,1
05:36:29.776821,123.57,6
05:36:34.705524,123.56,2
05:37:16.273485,123.55,3
05:37:17.451209,123.52,5
05:37:19.262014,123.51,1
05:37:19.262014,123.51,1
05:37:19.262014,123.51,2
05:37:19.262014,123.5,60
05:37:19.262014,123.5,1
05:37:19.262014,123.5,1
05:37:19.262014,123.5,100
05:37:19.262051,123.5,50
05:37:31.238533,123.5,150
05:37:34.900594,123.5,184
05:37:34.900594,123.5,484
05:37:36.022326,123.5,1
05:37:48.135562,123.5,1
05:37:58.290865,123.49,1
05:38:21.669519,123.5,1
05:38:21.736566,123.5,94
05:38:26.158413,123.52,1
05:38:38.833931,123.49,1
05:38:41.344185,123.49,1
05:38:56.216830,123.5,25
05:38:56.216830,123.49,1
05:38:56.216830,123.49,20
05:38:56.216830,123.48,14
05:39:06.045914,123.51,50
05:39:06.045914,123.52,500
05:39:06.046158,123.52,50
05:39:06.046171,123.52,50
05:39:06.046273,123.52,394
05:39:31.940304,123.57,2
05:39:31.940304,123.58,3
05:39:34.045910,123.58,1
05:39:54.267357,123.58,15
05:40:33.102325,123.58,1
05:40:39.475448,123.59,50
05:40:41.020385,123.59,50
05:40:41.020385,123.6,450
05:40:42.364217,123.6,11
05:40:42.364217,123.6,39
05:40:42.562958,123.6,100
05:40:42.938152,123.6,12
05:41:00.543765,123.63,50
05:41:00.543765,123.64,10
05:41:00.543765,123.64,10
05:41:00.543765,123.65,55
05:41:00.543738,123.6,112
05:41:00.543738,123.64,100
05:41:00.543738,123.64,163
05:41:12.813897,123.65,40
05:41:16.063214,123.64,10
05:41:16.063214,123.65,14
05:41:16.063214,123.65,16
05:41:16.282728,123.65,5
05:41:20.733404,123.64,1
05:41:22.580647,123.64,1
05:41:32.629588,123.63,2
05:41:32.629588,123.64,8
05:41:37.246269,123.64,1
05:41:41.324924,123.65,5
05:41:41.325259,123.64,5
05:41:41.675499,123.64,21
05:41:41.675499,123.64,59
05:41:58.060056,123.65,5
05:42:02.836456,123.63,1
05:42:02.836456,123.63,50
05:42:02.837947,123.62,100
05:42:02.838014,123.62,4
05:42:04.510151,123.61,32
05:42:04.510178,123.62,97
05:42:04.510178,123.62,358
05:42:04.510178,123.62,13
05:42:04.837674,123.65,9
05:42:37.179757,123.64,10
05:42:37.179757,123.65,15
05:42:43.930167,123.64,4
05:42:51.813748,123.64,3
05:42:54.980642,123.6,7
05:42:55.887337,123.63,1
05:43:00.293869,123.58,50
05:43:01.924598,123.58,1
05:43:02.724428,123.58,1
05:43:03.608252,123.58,1
05:43:06.007948,123.58,50
05:43:06.009291,123.57,49
05:43:13.916001,123.57,10
05:43:18.601711,123.55,40
05:43:19.796288,123.55,30
05:43:23.116742,123.55,50
05:43:24.571369,123.57,2
05:43:26.508560,123.55,10
05:43:28.009138,123.56,1
05:43:33.335446,123.52,20
05:43:33.335446,123.52,10
05:43:33.335446,123.52,1
05:43:33.335446,123.52,10
05:43:33.335446,123.51,1
05:43:33.335446,123.5,30
05:43:33.335446,123.5,1
05:43:33.335446,123.5,10
05:43:33.335446,123.49,64
05:43:33.335446,123.49,2
05:43:33.335446,123.49,1
05:43:33.341388,123.51,2
05:43:33.341449,123.5,4
05:43:33.341449,123.5,3
05:43:33.341946,123.49,1
05:43:33.357482,123.49,1
05:43:34.341851,123.49,1
05:43:35.244371,123.47,50
05:43:35.306073,123.48,10
05:43:35.305988,123.49,1
05:43:35.305988,123.48,2
05:43:35.306111,123.47,23
05:43:35.306111,123.47,5
05:43:35.306111,123.47,10
05:43:35.306617,123.45,7
05:43:35.306617,123.45,4
05:43:35.306428,123.45,10
05:43:35.306428,123.45,1
05:43:35.306632,123.45,2
05:43:36.312175,123.45,16
05:43:36.312175,123.43,3
05:43:36.312207,123.41,3
05:43:36.312207,123.41,2
05:43:36.311920,123.4,1
05:43:36.311920,123.4,1
05:43:36.311920,123.4,1
05:43:36.311920,123.4,1
05:43:36.311920,123.4,1
05:43:36.311920,123.4,50
05:43:36.311920,123.4,50
05:43:36.311992,123.4,19
05:43:36.312351,123.4,10
05:43:36.312351,123.4,100
05:43:36.312351,123.4,1
05:43:36.312351,123.4,30
05:43:36.312351,123.4,10
05:43:36.312351,123.4,17
05:43:36.312351,123.4,3
05:44:04.859176,123.4,1
05:44:04.859176,123.4,5
05:44:10.221382,123.41,50
05:44:11.533074,123.4,3
05:44:13.620986,123.4,3
05:44:13.620986,123.4,153
05:44:13.775154,123.46,1
05:44:24.593910,123.4,7
05:44:24.593910,123.4,50
05:44:24.593910,123.38,43
05:44:30.315367,123.44,1
05:44:51.650956,123.45,4
05:45:00.251851,123.4,5
05:45:00.290641,123.4,3
05:45:05.931778,123.41,1
05:45:05.931778,123.4,20
05:45:05.931778,123.4,1
05:45:05.931778,123.4,1
05:45:11.278619,123.4,1
05:45:13.876888,123.41,3
05:45:13.876888,123.41,1
05:45:13.876888,123.4,1
05:45:13.876888,123.4,1
05:45:23.711298,123.4,20
05:45:30.273148,123.37,1
05:45:30.273148,123.37,1
05:45:30.273148,123.37,1
05:45:30.273183,123.36,50
05:45:30.272898,123.37,1
05:45:30.272898,123.37,1
05:45:30.272898,123.37,1
05:45:30.272898,123.37,22
05:45:30.273746,123.35,1
05:45:30.273795,123.35,10
05:45:30.314180,123.35,20
05:45:30.374556,123.35,1
05:45:30.507519,123.35,10
05:45:31.670789,123.35,100
05:45:32.178018,123.34,51
05:45:32.178018,123.34,100
05:45:32.178018,123.34,1
05:45:32.178018,123.34,456
05:45:32.178849,123.34,1
05:45:39.121080,123.34,62
05:45:39.888980,123.34,3
05:45:44.244203,123.33,1
05:45:47.836625,123.33,5
05:45:54.532981,123.33,1
05:45:55.183654,123.33,5
05:45:55.989596,123.31,100
05:45:55.989596,123.31,100
05:45:55.989596,123.3,3
05:45:55.989596,123.3,1
05:45:55.989596,123.3,20
05:45:55.989596,123.3,1
05:45:55.989596,123.3,1
05:45:55.990037,123.34,4
05:45:55.990037,123.33,1
05:45:55.990037,123.31,2
05:45:55.990037,123.3,25
05:45:55.990037,123.3,1
05:45:55.990037,123.3,2
05:45:55.990037,123.3,1
05:45:55.990037,123.3,10
05:45:55.990037,123.3,25
05:45:55.990037,123.3,303
05:45:59.055206,123.33,2
05:46:04.709439,123.33,1
05:46:07.407836,123.31,60
05:46:07.407836,123.3,2
05:46:07.407836,123.3,1
05:46:07.407836,123.3,22
05:46:07.407836,123.3,208
05:46:07.407783,123.31,1
05:46:07.408071,123.31,1
05:46:12.706469,123.3,700
05:46:18.437853,123.33,10
05:46:19.011288,123.31,2
05:46:19.011288,123.3,1
05:46:19.011726,123.3,7
05:46:19.101059,123.33,50
05:46:19.103799,123.3,1166
05:46:19.878706,123.28,1
05:46:19.878706,123.28,49
05:46:24.686258,123.3,1
05:46:24.686258,123.3,1
05:46:25.374312,123.29,483
05:46:25.374312,123.3,617
05:46:25.374724,123.3,550
05:46:26.468214,123.3,50
05:46:30.449569,123.3,6
05:46:32.128098,123.3,50
05:46:39.566351,123.29,1
05:46:39.566351,123.28,336
05:46:39.566351,123.27,24
05:46:39.566351,123.25,4
05:46:39.566351,123.25,1
05:46:39.566351,123.25,10
05:46:39.566351,123.25,1
05:46:39.566351,123.24,3
05:46:39.566351,123.24,1
05:46:39.566351,123.23,3
05:46:39.566351,123.21,65
05:46:39.566778,123.28,151
05:46:40.735170,123.27,6
05:46:40.735170,123.26,2
05:46:40.734904,123.22,60
05:46:40.734904,123.21,35
05:46:40.734904,123.21,88
05:46:40.735325,123.26,117
05:46:40.736103,123.27,1
05:46:40.736516,123.26,1
05:46:40.736516,123.26,51
05:46:52.750281,123.26,1
05:46:55.266143,123.3,50
05:46:55.266143,123.3,22
05:46:55.718451,123.26,1
05:46:55.718451,123.26,2
05:46:55.718451,123.23,400
05:46:55.718451,123.22,17
05:46:55.718872,123.26,69
05:46:55.718872,123.26,111
05:46:55.741064,123.26,50
05:46:55.741065,123.26,50
05:46:55.741248,123.26,19
05:46:55.741248,123.25,92
05:46:55.741661,123.25,1
05:46:55.770275,123.24,10
05:46:55.816608,123.24,8
05:46:56.016084,123.24,1
05:46:56.131762,123.24,1
05:46:56.413331,123.24,58
05:46:59.033674,123.24,35
05:47:01.581800,123.23,2
05:47:02.055278,123.23,10
05:47:02.824608,123.23,300
05:47:03.956275,123.22,400
05:47:03.956337,123.22,10
05:47:03.956879,123.25,10
05:47:03.979094,123.22,16
05:47:03.981556,123.22,1
05:47:04.042315,123.21,12
05:47:04.042315,123.21,100
05:47:04.042315,123.2,2
05:47:04.042315,123.2,10
05:47:04.042315,123.2,2
05:47:04.042315,123.2,3
05:47:04.042315,123.2,1
05:47:04.042315,123.2,5
05:47:04.042315,123.2,35
05:47:04.042315,123.2,1
05:47:04.042315,123.2,1
05:47:04.042315,123.19,1
05:47:04.042315,123.19,5
05:47:04.042315,123.19,2
05:47:04.042315,123.19,2
05:47:04.042315,123.19,2
05:47:04.042315,123.19,5
05:47:04.042315,123.19,1
05:47:04.042733,123.21,100
05:47:04.042623,123.2,5
05:47:04.042623,123.2,1
05:47:04.042623,123.2,1
05:47:04.042623,123.19,1
05:47:04.042623,123.19,24
05:47:04.042623,123.19,278
05:47:16.121042,123.21,22
05:47:16.425081,123.23,1
05:47:16.424841,123.24,50
05:47:16.424841,123.25,458
05:47:16.424908,123.25,50
05:47:21.750806,123.25,1
05:47:22.818120,123.25,20
05:47:22.818173,123.25,50
05:47:23.476347,123.25,275
05:47:23.476717,123.3,50
05:47:43.621599,123.3,2
05:47:45.316463,123.3,55
05:47:49.427599,123.3,20
05:47:50.976299,123.3,500
05:47:56.871230,123.3,1
05:47:56.871230,123.3,1
05:48:00.475917,123.3,1
05:48:01.711486,123.3,10
05:48:02.041671,123.3,1
05:48:08.035941,123.3,2
05:48:17.401227,123.29,1
05:48:28.225579,123.3,5
05:48:29.375383,123.3,2
05:48:33.684234,123.26,4
05:48:33.684234,123.26,5
05:48:33.684234,123.26,121
05:48:33.684294,123.26,5
05:48:33.684837,123.3,5
05:48:33.688890,123.25,50
05:48:33.688890,123.25,1
05:48:33.688890,123.23,10
05:48:33.688890,123.21,100
05:48:33.688890,123.21,100
05:48:33.688890,123.2,20
05:48:33.688890,123.18,1
05:48:33.688890,123.18,1
05:48:33.688890,123.18,1
05:48:33.688890,123.18,1
05:48:33.688890,123.18,3
05:48:33.689313,123.25,200
05:48:33.689313,123.25,11
05:48:33.689192,123.21,60
05:48:33.689192,123.2,41
05:48:33.689393,123.23,60
05:48:46.150288,123.28,1
05:48:53.010448,123.25,50
05:48:55.143601,123.25,150
05:49:04.128545,123.23,20
05:49:04.128545,123.23,2
05:49:04.128545,123.23,28
05:49:04.241019,123.23,130
05:49:06.336100,123.23,342
05:49:06.620135,123.23,1
05:49:06.620135,123.23,10
05:49:06.620135,123.23,28
05:49:07.830375,123.22,5
05:49:08.314740,123.21,50
05:49:09.242541,123.21,50
05:49:10.295164,123.21,50
05:49:20.766052,123.22,20
05:49:20.766109,123.24,50
05:49:25.971518,123.22,199
05:49:25.971552,123.22,1
05:50:25.186440,123.22,1
05:50:38.565156,123.27,3
05:50:45.602309,123.25,2
05:50:50.378758,123.25,18
05:50:50.378758,123.25,12
05:50:50.380251,123.24,250
05:50:50.380502,123.24,10
05:50:55.822548,123.23,40
05:50:55.822548,123.22,1
05:50:55.822548,123.22,5
05:50:55.822548,123.21,11
05:50:55.822548,123.21,1
05:50:55.822548,123.21,25
05:50:55.822548,123.21,17
05:50:55.822929,123.23,1
05:50:55.822929,123.22,5
05:50:55.822929,123.22,3
05:50:55.822929,123.22,1
05:50:55.822929,123.21,1
05:50:55.822929,123.21,289
05:51:10.910671,123.22,5
05:51:10.910671,123.22,1
05:51:10.910671,123.21,11
05:51:10.913406,123.2,20
05:51:10.913406,123.2,1
05:51:11.361370,123.2,5
05:51:18.441825,123.21,1
05:51:23.208554,123.21,26
05:51:23.208554,123.21,29
05:51:26.544665,123.21,50
05:51:29.360420,123.21,1
05:51:30.395580,123.21,25
05:51:32.481994,123.21,8
05:51:32.481994,123.21,2
05:51:32.481994,123.21,2
05:51:53.531756,123.24,1
05:52:07.348624,123.24,10
05:52:07.863400,123.22,4
05:52:07.865143,123.21,1
05:52:07.865143,123.21,2
05:52:07.865143,123.21,4
05:52:07.865143,123.21,164
05:52:07.865235,123.21,3
05:52:07.865235,123.21,1
05:52:07.866468,123.2,1
05:52:07.866468,123.2,1
05:52:07.866468,123.2,1
05:52:07.866468,123.2,1
05:52:07.866468,123.2,1
05:52:07.866468,123.2,10
05:52:07.866468,123.2,10
05:52:07.866468,123.2,133
05:52:19.632001,123.21,1
05:52:20.659817,123.21,108
05:52:20.700237,123.21,49
05:52:22.858039,123.25,50
05:52:22.858541,123.21,2
05:52:22.858972,123.21,162
05:52:22.859352,123.2,10
05:52:22.859770,123.2,826
05:52:24.278676,123.2,400
05:52:35.340828,123.26,1
05:52:47.980702,123.2,1
05:52:57.497657,123.21,1
05:52:58.562620,123.21,4
05:53:04.642304,123.21,1
05:53:06.997283,123.21,1
05:53:07.012756,123.21,7
05:53:07.012756,123.21,3
05:53:07.132996,123.21,3
05:53:07.315015,123.21,147
05:53:17.579428,123.21,1
05:53:42.599956,123.21,1
05:53:42.599780,123.25,1
05:53:44.367415,123.22,1
05:53:51.913996,123.21,1
05:53:54.706249,123.21,1
05:53:54.706249,123.21,1
05:53:59.041445,123.21,4
05:53:59.041445,123.21,75
05:53:59.041445,123.2,3
05:53:59.041445,123.2,100
05:53:59.041445,123.2,2
05:53:59.041445,123.2,1
05:53:59.041445,123.2,3
05:53:59.041445,123.2,1
05:53:59.041445,123.2,200
05:53:59.041863,123.2,111
05:54:09.313371,123.2,29
05:54:09.313371,123.2,5
05:54:09.313371,123.2,1
05:54:09.313404,123.19,1
05:54:09.313404,123.19,5
05:54:09.313404,123.19,2
05:54:09.313458,123.21,1
05:54:09.313458,123.21,1
05:54:09.313458,123.2,1
05:54:09.313458,123.2,2
05:54:09.313458,123.2,1
05:54:09.313458,123.19,122
05:54:25.988842,123.21,1
05:54:26.172088,123.2,5
05:54:26.172088,123.19,1
05:54:32.490520,123.19,1
05:54:36.635920,123.19,5
05:54:38.599008,123.18,1
05:54:38.599008,123.18,50
05:54:38.599008,123.17,1
05:54:38.599008,123.17,1
05:54:38.599008,123.17,1
05:54:38.599008,123.17,1
05:54:38.599008,123.16,10
05:54:38.599332,123.18,1
05:54:38.599332,123.18,1
05:54:38.599332,123.17,1
05:54:38.599332,123.16,232
05:54:38.647602,123.16,300
05:54:38.686703,123.16,300
05:54:38.748779,123.15,1
05:54:38.748779,123.14,2
05:54:38.748779,123.14,1
05:54:38.749198,123.18,1
05:54:38.749198,123.18,1
05:54:38.749198,123.17,1
05:54:38.749198,123.17,1
05:54:38.749198,123.17,5
05:54:38.749198,123.17,1
05:54:38.749198,123.17,2
05:54:38.749198,123.17,1
05:54:38.749198,123.17,1
05:54:38.749032,123.16,168
05:54:38.749198,123.17,1
05:54:38.749198,123.17,60
05:54:38.749032,123.16,1
05:54:38.749198,123.16,1
05:54:38.749198,123.16,50
05:54:38.749198,123.16,1
05:54:43.970333,123.15,1
05:54:43.970333,123.15,1
05:54:43.970333,123.15,1
05:54:43.970333,123.15,2
05:54:43.969977,123.13,2
05:54:43.969977,123.12,2
05:54:43.969977,123.11,25
05:54:43.969977,123.11,1
05:54:43.969977,123.1,50
05:54:43.969977,123.1,5
05:54:43.969977,123.1,48
05:54:43.969977,123.1,1
05:54:43.969977,123.09,4
05:54:43.969977,123.08,1
05:54:43.969977,123.06,1
05:54:43.969977,123.05,2
05:54:43.969977,123.05,4
05:54:43.969977,123.03,38
05:54:43.969977,123.01,1
05:54:43.969977,123.01,5
05:54:43.969977,123,1
05:54:43.969977,123,1
05:54:43.969977,123,1
05:54:43.970396,123.11,1
05:54:43.970396,123.11,1
05:54:43.969977,123,5
05:54:43.969977,123,20
05:54:43.969977,123,3
05:54:43.970396,123.11,60
05:54:43.969977,123,1
05:54:43.970396,123.11,100
05:54:43.969977,123,8
05:54:43.969977,123,25
05:54:43.969977,123,22
05:54:43.970264,123.13,1
05:54:43.970264,123.11,155
05:54:43.971112,123.1,5
05:54:44.529509,123.14,1
05:54:51.539754,123.11,500
05:54:51.540112,123.11,254
05:54:54.509884,123.18,2
05:54:57.865165,123.11,2
05:55:05.273548,123.2,10
05:55:05.770890,123.2,10
05:55:05.770652,123.11,144
05:55:05.770652,123.11,1
05:55:05.770652,123.11,10
05:55:05.770652,123.1,1
05:55:05.771078,123.11,1
05:55:05.771078,123.11,42
05:55:05.770933,123.1,95
05:55:05.770933,123.1,5
05:55:05.770933,123.1,1
05:55:05.818663,123.11,10
05:55:05.818663,123.11,290
05:55:06.263940,123.11,300
05:55:06.510654,123.11,300
05:55:16.394705,123.12,3
05:55:35.395211,123.21,8
05:55:35.395211,123.22,50
05:55:35.395211,123.25,10
05:55:35.395211,123.26,32
05:55:55.607405,123.2,50
05:55:55.607464,123.21,6
05:56:00.632503,123.19,1
05:56:00.671556,123.2,10
05:56:00.671556,123.13,50
05:56:00.671556,123.11,3
05:56:00.671556,123.11,68
05:56:00.671556,123.11,50
05:56:00.671556,123.1,4
05:56:00.671556,123.1,1
05:56:00.671556,123.1,10
05:56:00.671556,123.1,5
05:56:00.671556,123.1,15
05:56:00.671556,123.1,8
05:56:00.671556,123.1,5
05:56:00.671556,123.1,2
05:56:00.671556,123.1,1
05:56:00.671556,123.1,3768
05:56:02.317268,123.12,15
05:56:02.317268,123.11,1
05:56:02.317268,123.11,2
05:56:02.317268,123.11,1
05:56:02.317268,123.1,1
05:56:02.317700,123.1,380
05:56:16.494082,123.11,10
05:56:16.494082,123.1,252
05:56:16.494082,123.1,10
05:56:16.494082,123.09,1
05:56:16.494082,123.06,2
05:56:16.494082,123.05,1
05:56:16.494082,123.05,50
05:56:16.494082,123.04,5
05:56:16.494082,123.04,36
05:56:16.494082,123.03,3
05:56:16.494082,123.03,1
05:56:16.494082,123.03,3
05:56:16.494082,123.02,7
05:56:16.494082,123.01,1
05:56:16.494082,123.01,30
05:56:16.494082,123.01,461
05:56:16.494049,123.07,60
05:56:16.494049,123.06,1
05:56:16.494049,123.05,60
05:56:16.494110,123.12,6
05:56:16.494110,123.11,50
05:56:16.494110,123.09,1
05:56:16.494110,123.09,10
05:56:16.494110,123.08,5
05:56:16.494110,123.06,1
05:56:16.494110,123.06,1
05:56:16.494110,123.05,1
05:56:16.494110,123.04,41
05:56:16.494110,123.02,390
05:56:22.748825,123.02,50
05:56:27.359874,123.14,9
05:56:59.476129,123.19,160
05:57:27.773228,123.14,5
05:57:31.314538,123.07,5
05:57:31.314538,123.06,7
05:57:31.314538,123.06,1
05:57:31.314538,123.03,36
05:57:31.314538,123.03,21
05:57:53.990501,123.06,2
05:58:03.760478,123.06,3
05:58:33.433200,123.07,15
05:59:17.651149,123.21,23
05:59:31.296969,123.18,1
05:59:33.724860,123.2,5
05:59:48.325980,123.18,1
05:59:49.673902,123.18,1
06:00:02.615188,123.16,1
06:00:03.501117,123.12,10
06:00:04.929040,123.16,15
06:00:10.581354,123.16,1
06:00:12.563094,123.18,10
06:00:15.872781,123.16,41
06:00:18.599329,123.1,300
06:00:18.599329,123.1,1
06:00:18.599359,123.1,1
06:00:18.599492,123.18,1
06:00:18.602817,123.09,5
06:00:18.612217,123.16,50
06:00:18.618895,123.06,39
06:00:18.618895,123.06,3
06:00:18.618895,123.06,8
06:00:18.618895,123.06,10
06:00:18.618895,123.06,50
06:00:18.618895,123.05,10
06:00:18.618895,123.03,10
06:00:18.618895,123.03,4
06:00:18.618895,123.03,5
06:00:18.619123,123.17,100
06:00:18.619140,123.17,100
06:00:18.619140,123.17,50
06:00:18.619153,123.17,100
06:00:18.619153,123.17,100
06:00:18.619255,123.17,100
06:00:18.619266,123.17,56
06:00:19.032097,123.18,100
06:00:22.197065,123.18,2
06:00:22.312036,123.1,1
06:00:54.946458,123.18,1
06:00:59.881174,123.18,1
06:01:07.046501,123.18,1
06:01:19.946832,123.18,12
06:01:22.954980,123.18,64
06:01:34.449780,123.2,1
06:01:56.631111,123.2,1
06:02:12.607390,123.18,5
06:02:12.607390,123.18,1
06:02:12.607390,123.18,14
06:02:13.951518,123.19,50
06:02:18.943699,123.19,50
06:02:23.531844,123.19,1
06:02:25.047354,123.18,4
06:02:25.047354,123.18,36
06:02:25.047354,123.17,654
06:02:26.209039,123.18,1
06:02:26.209039,123.18,56
06:02:26.209039,123.18,3
06:02:26.209039,123.18,1
06:02:26.209039,123.18,1
06:02:26.209039,123.17,328
06:02:26.516135,123.19,2
06:02:30.823759,123.18,5
06:02:30.823759,123.18,3
06:02:31.003204,123.18,2
06:02:32.729953,123.18,2
06:02:37.077040,123.17,1
06:02:37.343693,123.17,72
06:02:39.744274,123.17,5
06:02:46.558808,123.17,4
06:02:48.868038,123.17,4
06:02:59.480056,123.15,1
06:02:59.480056,123.15,7
06:02:59.480056,123.15,3
06:03:04.272050,123.15,1
06:03:09.756299,123.17,2
06:03:11.058564,123.17,1
06:03:22.011020,123.16,1
06:03:22.011020,123.15,1
06:03:23.305130,123.15,1
06:03:32.428647,123.15,10
06:03:53.398846,123.16,136
06:03:58.689848,123.15,1
06:04:02.484175,123.15,1
06:04:15.347418,123.2,1
06:04:19.012954,123.15,2
06:04:23.705165,123.16,25
06:04:26.115176,123.15,6
06:04:29.094256,123.2,9
06:04:29.094256,123.21,15
06:04:29.322703,123.16,1
06:04:34.520977,123.16,20
06:05:16.408741,123.16,1
06:05:28.068067,123.19,1
06:05:33.949773,123.17,2
06:05:34.662539,123.2,1
06:05:51.479406,123.2,9
06:05:51.479406,123.2,50
06:05:51.479406,123.2,3
06:05:51.479406,123.2,38
06:05:51.669025,123.2,2
06:06:02.887962,123.18,53
06:06:02.887962,123.18,47
06:06:02.909799,123.17,50
06:06:02.909827,123.17,30
06:06:02.909854,123.16,42
06:06:02.909854,123.16,8
06:06:02.910032,123.16,1
06:06:02.910032,123.16,1
06:06:02.910032,123.16,1
06:06:02.911410,123.16,5
06:06:02.911410,123.16,2
06:06:02.911410,123.16,1
06:06:02.911410,123.16,1
06:06:07.507817,123.16,2
06:06:20.448411,123.17,2
06:06:31.325033,123.16,20
06:06:34.029075,123.15,1
06:06:34.030542,123.15,20
06:06:34.030542,123.15,1
06:06:34.030542,123.15,2
06:06:34.030542,123.15,5
06:06:34.030542,123.15,2
06:06:42.498848,123.15,1
06:06:43.316857,123.15,2
06:06:45.429280,123.14,141
06:06:45.625601,123.14,100
06:06:45.643448,123.14,100
06:06:45.723722,123.13,15
06:06:45.723722,123.12,1
06:06:45.723722,123.12,50
06:06:45.723722,123.12,50
06:06:45.723785,123.12,21
06:06:45.724187,123.12,5
06:06:45.723950,123.16,1
06:06:45.724187,123.12,1
06:06:45.723950,123.16,5
06:06:45.723950,123.16,4
06:06:45.723950,123.16,10
06:06:45.723950,123.15,1
06:06:45.871764,123.12,100
06:06:45.871987,123.12,53
06:06:49.909828,123.12,10
06:06:53.812532,123.11,3
06:06:53.812532,123.11,12
06:07:04.850432,123.12,1
06:07:05.096816,123.11,10
06:07:06.699681,123.1,5
06:07:06.699681,123.1,1
06:07:06.699681,123.1,3
06:07:06.699681,123.1,2
06:07:06.699681,123.1,5
06:07:06.699681,123.1,2
06:07:06.699681,123.1,1
06:07:06.699681,123.1,10
06:07:06.699681,123.1,1
06:07:06.699681,123.1,1
06:07:06.699681,123.1,1
06:07:06.699681,123.1,5
06:07:06.699681,123.1,50
06:07:06.699681,123.1,50
06:07:06.919178,123.09,58
06:07:08.619005,123.12,7
06:07:09.827645,123.12,4
06:07:11.435370,123.1,40
06:07:11.435370,123.1,1
06:07:11.435370,123.1,3
06:07:11.435370,123.1,1
06:07:11.435406,123.09,1
06:07:14.558845,123.09,1
06:07:14.736402,123.1,10
06:07:18.174157,123.08,15
06:07:18.174157,123.08,1
06:07:18.174157,123.08,5
06:07:18.174157,123.07,1
06:07:18.174157,123.06,2
06:07:18.174157,123.06,3
06:07:18.174157,123.06,30
06:07:18.174157,123.06,2
06:07:18.174157,123.06,3
06:07:18.174157,123.06,1
06:07:18.174236,123.06,4
06:07:18.174641,123.06,10
06:07:18.174396,123.1,1
06:07:18.174396,123.1,2
06:07:18.174396,123.09,1
06:07:18.175019,123.06,1
06:07:19.201423,123.06,7
06:07:19.810480,123.06,278
06:07:28.346047,123.08,5
06:07:28.346089,123.11,7
06:07:28.587050,123.11,12
06:07:46.807282,123.11,5
06:07:56.626074,123.2,3
06:07:56.626074,123.2,7
06:08:07.687524,123.2,1
06:08:43.419011,123.22,9
06:08:46.770806,123.22,2
06:08:58.059510,123.23,19
06:09:08.588490,123.23,5
06:09:52.207200,123.27,1
06:09:55.054448,123.27,5
06:09:57.460231,123.25,1
06:09:57.460464,123.26,10
06:09:58.098517,123.24,2
06:10:03.072381,123.24,1
06:10:22.703789,123.24,2
06:10:22.812603,123.23,1
06:10:23.632580,123.23,1
06:10:30.516876,123.23,7
06:10:33.650364,123.24,1
06:10:33.650364,123.25,68
06:10:33.650364,123.25,3
06:10:33.650364,123.25,28
06:10:41.689403,123.26,12
06:10:42.609215,123.25,1
06:10:42.608903,123.25,10
06:10:42.608903,123.25,3
06:10:42.608903,123.23,1
06:10:42.608903,123.23,1
06:10:42.608903,123.23,5
06:10:42.608903,123.23,1
06:10:42.608903,123.22,1
06:10:42.608903,123.22,50
06:10:42.608903,123.19,100
06:10:42.608903,123.19,106
06:10:45.485635,123.26,40
06:10:52.163607,123.23,1
06:10:57.867301,123.28,50
06:10:57.867301,123.28,50
06:11:05.614600,123.26,20
06:11:05.615018,123.25,280
06:11:27.561100,123.25,50
06:11:29.600364,123.25,50
06:11:33.464432,123.25,50
06:11:34.523261,123.28,1
06:11:36.245218,123.25,50
06:11:41.269432,123.25,20
06:11:41.269432,123.25,5
06:11:45.341733,123.25,10
06:11:45.341733,123.25,1
06:11:45.341733,123.25,1
06:11:45.341733,123.25,1
06:11:45.341733,123.23,4
06:11:45.341733,123.23,1
06:12:01.532218,123.23,1
06:12:27.982030,123.24,2
06:12:31.212769,123.25,1
06:12:56.977921,123.25,1
06:13:02.567589,123.25,1
06:13:07.545580,123.25,240
06:13:35.343357,123.25,1
06:13:46.480591,123.24,3
06:13:58.569989,123.25,40
06:14:05.210590,123.24,3
06:14:05.952270,123.25,19
06:14:05.952270,123.25,1
06:14:12.055879,123.25,50
06:14:12.937119,123.25,20
06:14:15.120532,123.25,50
06:14:17.646980,123.25,2
06:14:17.887052,123.25,50
06:14:20.695379,123.25,1
06:14:20.932641,123.25,50
06:14:22.152446,123.25,50
06:14:23.760236,123.25,50
06:14:36.638077,123.25,4
06:14:36.791488,123.25,1
06:14:44.912264,123.25,31
06:14:44.912264,123.25,2
06:14:50.295081,123.25,50
06:14:54.280932,123.24,59
06:14:54.280932,123.24,1
06:14:56.864637,123.24,30
06:14:56.914164,123.25,1
06:14:58.226194,123.24,27
06:15:00.546294,123.24,1
06:15:04.568028,123.25,1
06:15:09.953391,123.23,3
06:15:09.953391,123.23,2
06:15:09.953391,123.23,2
06:15:09.953391,123.23,1
06:15:14.529109,123.23,1
06:15:14.529109,123.23,4
06:15:17.834718,123.22,1
06:15:17.834718,123.21,1
06:15:17.834718,123.2,1
06:15:17.834718,123.2,2
06:15:19.152455,123.25,1
06:15:48.033302,123.25,5
06:16:00.768499,123.24,1
06:16:00.768499,123.22,4
06:16:09.952208,123.25,8
06:16:16.565235,123.25,1
06:16:18.138464,123.25,1
06:16:36.578441,123.25,5
06:16:40.031132,123.25,10
06:16:40.561606,123.25,54
06:16:40.561606,123.28,26
06:16:44.548526,123.25,2
06:16:47.260706,123.28,10
06:16:50.280254,123.28,9
06:17:34.837810,123.26,5
06:17:54.914218,123.26,1
06:18:01.824335,123.29,1
06:18:15.925361,123.29,50
06:18:16.735625,123.26,2
06:18:19.105410,123.29,49
06:18:19.105410,123.29,100
06:18:19.105410,123.29,251
06:18:30.859818,123.29,2
06:18:47.567795,123.27,10
06:18:51.725104,123.29,50
06:18:52.173113,123.29,48
06:18:52.173113,123.29,1
06:18:52.173113,123.29,1
06:18:52.596899,123.29,50
06:18:54.744070,123.29,49
06:18:54.744070,123.29,100
06:18:54.744070,123.29,251
06:18:55.485905,123.29,50
06:18:56.111179,123.29,50
06:18:56.805401,123.29,50
06:18:57.713525,123.27,2
06:18:58.383258,123.29,50
06:19:00.389421,123.29,50
06:19:08.024746,123.29,20
06:19:26.658642,123.29,10
06:19:37.420147,123.29,20
06:19:37.420147,123.29,80
06:19:40.683979,123.29,2
06:20:06.659780,123.29,8
06:20:06.738164,123.27,72
06:20:08.498363,123.27,328
06:20:08.498363,123.29,10
06:20:08.498363,123.29,100
06:20:08.498363,123.29,562
06:20:14.202528,123.29,5
06:20:17.353018,123.26,1
06:20:39.385028,123.28,2
06:20:39.385028,123.28,50
06:20:39.385028,123.29,95
06:20:39.385028,123.29,100
06:20:39.385028,123.29,236
06:20:39.391966,123.3,4
06:20:39.392014,123.3,1
06:20:39.392171,123.26,1
06:20:40.647993,123.32,2
06:20:44.382783,123.36,10
06:20:44.382783,123.38,5
06:21:01.961485,123.32,1
06:21:19.131515,123.37,1
06:21:19.447233,123.38,1
06:21:25.898378,123.38,1
06:21:51.132859,123.33,52
06:21:51.350350,123.33,10
06:22:01.470836,123.33,50
06:22:04.511624,123.3,1
06:22:49.700575,123.33,1
06:22:56.508600,123.34,49
06:23:01.357594,123.34,1
06:23:24.812581,123.36,8
06:23:25.199663,123.36,16
06:23:34.776616,123.36,3
06:23:37.127906,123.36,1
06:23:38.317984,123.36,22
06:23:38.570130,123.36,28
06:23:38.850156,123.37,1
06:23:39.566861,123.37,50
06:23:40.855718,123.37,29
06:23:40.855718,123.37,21
06:23:41.474566,123.38,81
06:23:41.474617,123.37,19
06:23:53.563405,123.38,2
06:23:59.959463,123.38,7
06:24:00.181565,123.38,7
06:24:10.593879,123.38,2
06:24:10.593879,123.38,100
06:24:10.594129,123.39,12
06:24:10.594129,123.39,1
06:24:11.605439,123.39,5
06:24:24.476019,123.42,1
06:24:39.437202,123.38,28
06:24:55.205964,123.41,179
06:25:05.536244,123.39,1
06:25:05.536244,123.38,2
06:25:05.536244,123.38,1
06:25:05.536244,123.38,50
06:25:05.536683,123.38,63
06:25:07.026930,123.38,400
06:25:08.817578,123.38,100
06:25:08.900294,123.38,300
06:25:10.690678,123.39,2
06:25:10.729408,123.38,7
06:25:10.729408,123.38,5
06:25:10.729408,123.38,1
06:25:11.900142,123.38,20
06:25:26.974668,123.39,1
06:25:26.974668,123.33,1
06:25:29.232451,123.34,1
06:25:29.232451,123.34,1
06:25:29.232451,123.33,1
06:25:29.232451,123.33,1
06:25:29.232562,123.31,4
06:25:29.232511,123.31,10
06:25:29.232532,123.35,30
06:25:29.232532,123.35,1
06:25:29.232532,123.34,1
06:25:29.232532,123.34,1
06:25:29.232532,123.33,1
06:25:29.232532,123.33,1
06:25:29.232532,123.33,1
06:25:29.232532,123.31,16
06:25:29.232532,123.31,244
06:25:29.232586,123.31,61
06:25:31.085493,123.36,1
06:25:37.453592,123.36,1
06:25:39.131696,123.32,2
06:25:39.203968,123.32,6
06:25:47.866517,123.32,1
06:26:05.562446,123.38,1
06:26:11.936485,123.33,5
06:26:11.936485,123.33,1
06:26:11.936485,123.32,23
06:26:11.936485,123.32,18
06:26:18.753122,123.37,10
06:26:20.680986,123.32,82
06:26:20.680986,123.32,4
06:26:25.134105,123.36,1
06:26:29.996812,123.36,100
06:26:29.996812,123.36,100
06:26:29.996812,123.38,17
06:26:29.996812,123.38,31
06:26:35.286047,123.34,1
06:26:35.286047,123.32,42
06:26:36.388727,123.33,1
06:26:36.388755,123.32,1
06:26:36.388768,123.31,1
06:26:36.388768,123.3,2
06:26:36.388474,123.32,54
06:26:36.388474,123.3,3511
06:26:36.388474,123.3,10
06:26:36.388474,123.3,2
06:26:36.388474,123.3,10
06:26:36.388474,123.3,2
06:26:36.388538,123.3,3
06:26:36.389002,123.29,4
06:26:43.390393,123.26,4
06:26:43.390393,123.26,1
06:26:43.390393,123.26,1
06:26:43.390393,123.25,1
06:26:43.390816,123.26,6
06:26:43.390393,123.25,5
06:26:43.390393,123.25,1
06:26:43.390393,123.25,1
06:26:43.390393,123.25,1
06:26:45.287666,123.28,50
06:26:45.287666,123.28,50
06:26:45.287666,123.29,100
06:26:52.892852,123.28,1
06:26:53.135752,123.28,10
06:27:03.453413,123.27,4
06:27:16.416934,123.31,2
06:27:17.921720,123.34,3
06:28:05.109588,123.34,1
06:28:13.328103,123.31,1
06:28:19.320145,123.32,8
06:28:53.996298,123.32,5
06:28:55.972293,123.32,10
06:28:56.001361,123.31,6
06:28:56.001126,123.31,5
06:28:56.866944,123.32,12
06:29:07.122527,123.3,1
06:29:11.530973,123.3,5
06:29:30.705329,123.3,44
06:29:30.705329,123.31,599
06:29:34.164964,123.32,38
06:29:34.164964,123.32,109
06:29:36.028855,123.34,11
06:29:47.954392,123.34,7
06:29:48.588753,123.35,1
06:29:49.091475,123.34,1
06:29:49.962902,123.35,19
06:29:49.962902,123.36,6
06:29:54.455740,123.34,1
06:29:54.876303,123.38,1
06:30:02.891774,123.33,4
06:30:10.325269,123.34,3
06:30:11.085027,123.36,50
06:30:14.140037,123.36,50
06:30:14.726138,123.36,12
06:30:17.315355,123.36,31
06:30:28.751005,123.36,100
06:30:28.751232,123.37,1
06:30:31.350053,123.36,1
06:30:51.289977,123.34,1
06:30:58.970612,123.34,15
06:31:02.306926,123.34,1
06:31:04.472178,123.34,1
06:31:05.890338,123.33,1
06:31:11.762966,123.31,40
06:31:11.762966,123.29,1
06:31:28.846311,123.29,2
06:31:28.846311,123.29,2
06:31:28.846311,123.27,1
06:31:28.846311,123.27,1
06:31:30.804292,123.3,100
06:31:32.219069,123.27,10
06:31:35.987870,123.32,1
06:31:36.016055,123.29,1
06:31:43.492226,123.29,57
06:31:44.778722,123.29,1
06:31:56.548799,123.29,1
06:32:02.583523,123.29,2
06:32:03.948555,123.27,1
06:32:07.125733,123.27,13
06:32:16.476261,123.29,24
06:32:16.476261,123.32,16
06:32:19.115927,123.29,1
06:32:33.075753,123.28,25
06:32:34.045352,123.29,1
06:32:34.611940,123.32,10
06:32:45.737446,123.3,1
06:32:55.793195,123.29,1
06:32:56.249799,123.29,1
06:33:01.508483,123.29,12
06:33:06.740445,123.26,9
06:33:06.740445,123.26,2
06:33:06.740445,123.26,1
06:33:06.740445,123.26,4
06:33:06.740445,123.26,1
06:33:06.740445,123.26,1
06:33:06.740445,123.26,10
06:33:06.740445,123.25,38
06:33:06.740445,123.25,1
06:33:06.740445,123.25,1
06:33:06.740445,123.25,3
06:33:06.740445,123.25,1
06:33:06.740445,123.25,20
06:33:06.740445,123.25,3
06:33:06.740507,123.29,1
06:33:06.740507,123.29,1
06:33:06.740507,123.29,2
06:33:06.740507,123.26,10
06:33:06.740507,123.26,1
06:33:06.740507,123.26,1
06:33:06.740507,123.26,2
06:33:06.740505,123.26,6
06:33:06.740505,123.26,1
06:33:06.740505,123.26,10
06:33:06.740505,123.26,6
06:33:06.740505,123.26,1
06:33:07.435499,123.29,1
06:33:10.065395,123.29,2
06:33:15.807197,123.25,1
06:33:22.405418,123.25,1
06:33:29.717486,123.27,1
06:33:29.717486,123.26,8
06:33:29.717486,123.25,1
06:33:29.717486,123.25,2
06:33:30.058569,123.25,1
06:33:30.058569,123.25,11
06:33:30.156237,123.27,1
06:33:37.638241,123.28,1
06:33:46.175231,123.28,3
06:33:48.875499,123.28,2
06:33:56.334434,123.28,12
06:33:56.455412,123.28,12
06:34:04.311028,123.28,1
06:34:06.366925,123.28,1
06:34:25.520309,123.28,79
06:34:34.684037,123.29,50
06:34:34.684066,123.29,5
06:34:34.684250,123.29,4
06:34:41.076099,123.3,50
06:34:41.076099,123.3,50
06:34:41.076532,123.29,50
06:34:41.076532,123.28,87
06:34:46.266484,123.28,2
06:34:48.604433,123.29,8
06:34:48.604433,123.28,372
06:34:48.604433,123.28,1
06:34:55.288681,123.3,1
06:34:55.365779,123.28,4
06:35:08.641673,123.27,1
06:35:08.641673,123.27,9
06:35:10.261096,123.27,1
06:35:16.358837,123.28,3
06:35:17.707097,123.27,2
06:35:17.707097,123.27,1
06:35:17.707097,123.27,5
06:35:33.152513,123.27,2
06:35:33.152513,123.26,5
06:35:33.152513,123.25,3
06:35:34.247654,123.27,1
06:35:37.560512,123.25,1
06:35:37.560466,123.27,1
06:35:41.203236,123.25,5
06:35:53.316157,123.27,1
06:35:54.300416,123.27,1
06:35:58.996002,123.27,18
06:36:17.958991,123.27,15
06:36:17.958991,123.27,5
06:36:17.958991,123.27,3
06:36:17.959053,123.27,18
06:36:17.959053,123.26,1
06:36:45.210233,123.27,3
06:36:45.210233,123.27,1
06:36:45.429744,123.27,7
06:36:45.429770,123.3,7
06:36:46.178022,123.27,1
06:36:52.025276,123.27,10
06:36:58.484031,123.27,1
06:37:07.566378,123.27,1
06:37:10.820787,123.27,1
06:37:16.277909,123.27,20
06:37:30.907077,123.27,1
06:37:31.120517,123.27,1
06:37:31.477335,123.27,2
06:37:34.680659,123.27,1
06:37:37.669757,123.27,1
06:37:41.790667,123.27,1
06:37:52.410384,123.27,4
06:38:02.554686,123.27,1
06:38:12.025841,123.27,145
06:38:12.025841,123.27,50
06:38:12.025841,123.27,50
06:38:12.025898,123.28,14
06:38:12.026118,123.27,4
06:38:12.026118,123.27,1
06:38:12.071094,123.27,1
06:38:12.072368,123.29,2
06:38:12.073628,123.3,200
06:38:12.073628,123.32,48
06:38:12.074803,123.34,140
06:38:12.074803,123.34,10
06:38:12.074803,123.34,10
06:38:12.076026,123.35,225
06:38:12.076027,123.34,20
06:38:12.077219,123.35,4
06:38:12.078435,123.37,42
06:38:12.078465,123.37,42
06:38:12.078465,123.37,185
06:38:12.079581,123.37,71
06:38:23.828728,123.32,3
06:38:32.204240,123.37,50
06:38:39.985054,123.28,1
06:38:50.291165,123.36,50
06:38:55.194872,123.37,1
06:39:00.270408,123.37,100
06:39:00.270775,123.37,81
06:39:00.463568,123.37,1
06:39:02.968066,123.37,1
06:39:13.570859,123.37,17
06:39:13.570859,123.37,33
06:39:18.998918,123.37,1
06:39:31.356374,123.37,1
06:39:58.060074,123.37,66
06:39:58.060074,123.37,46
06:39:59.159849,123.37,54
06:39:59.159849,123.37,60
06:39:59.160276,123.37,31
06:39:59.160276,123.37,1
06:40:00.621308,123.37,1
06:40:07.161491,123.38,2
06:40:07.161258,123.38,5
06:40:13.648798,123.45,1
06:40:15.777994,123.39,100
06:40:24.137651,123.44,1
06:40:32.767048,123.4,100
06:40:56.579586,123.44,1
06:41:23.886321,123.38,1
06:41:23.886435,123.41,1
06:41:23.997940,123.38,9
06:41:48.043006,123.44,4
06:41:48.043013,123.45,16
06:41:56.068593,123.45,56
06:42:09.065996,123.45,27
06:42:09.065996,123.45,100
06:42:09.065996,123.45,100
06:42:09.065996,123.45,10
06:42:09.065996,123.47,1
06:42:09.065996,123.47,10
06:42:09.065996,123.48,252
06:42:34.556156,123.46,3
06:42:45.732218,123.46,5
06:42:46.429100,123.43,2
06:42:59.161305,123.46,29
06:43:05.747547,123.46,3
06:43:05.747547,123.46,100
06:43:05.747547,123.46,93
06:43:08.579044,123.46,7
06:43:08.579044,123.48,193
06:43:10.923697,123.46,1
06:43:30.629582,123.46,1
06:43:30.953299,123.43,1
06:43:30.953336,123.44,1
06:44:04.692614,123.43,19
06:44:04.692614,123.43,4
06:44:04.692585,123.43,1
06:44:04.692664,123.44,1
06:44:04.692664,123.44,3
06:44:04.692664,123.43,1
06:44:04.692664,123.43,1
06:44:19.428157,123.46,2
06:44:20.669259,123.46,2
06:44:21.198883,123.44,25
06:44:30.984065,123.47,7
06:44:35.486866,123.43,1
06:44:56.705823,123.43,2
06:45:06.054006,123.43,7
06:45:12.083788,123.45,40
06:45:28.394393,123.46,2
06:45:28.394393,123.45,5
06:45:28.423282,123.45,60
06:45:28.439068,123.45,20
06:45:31.303492,123.43,50
06:45:31.303492,123.43,46
06:45:34.398649,123.46,30
06:45:36.890825,123.46,30
06:45:37.623661,123.45,1
06:45:40.659353,123.45,20
06:45:48.800017,123.45,10
06:45:50.573831,123.45,87
06:46:04.329050,123.45,1
06:46:05.397735,123.45,98
06:46:08.829938,123.43,30
06:46:14.516777,123.42,100
06:46:18.322180,123.45,1
06:46:26.370467,123.45,2
06:46:27.511544,123.45,1
06:46:39.566072,123.43,2
06:46:40.962824,123.45,100
06:46:41.046352,123.45,100
06:47:16.268878,123.45,2
06:47:17.167500,123.45,1
06:47:27.226119,123.45,1
06:47:27.262481,123.42,13
06:47:27.262490,123.43,3
06:47:28.748284,123.43,10
06:47:28.748284,123.42,4
06:47:28.748284,123.42,1
06:47:28.748284,123.42,2
06:47:28.748716,123.43,50
06:47:28.748716,123.42,362
06:47:52.290190,123.42,125
06:47:52.290190,123.42,1
06:47:52.290190,123.42,1
06:47:52.290190,123.42,10
06:47:52.290147,123.42,10
06:47:52.290147,123.42,3
06:47:52.290147,123.42,1
06:47:52.290147,123.42,4
06:47:52.290147,123.42,1
06:47:55.710743,123.42,1
06:48:18.246592,123.42,2
06:48:27.001243,123.41,8
06:48:27.001243,123.41,1
06:48:27.001243,123.41,10
06:48:27.001243,123.4,5
06:48:27.001243,123.4,1
06:48:27.001243,123.4,1
06:48:27.001243,123.4,1
06:48:27.001674,123.41,30
06:48:27.001674,123.4,15
06:48:37.816987,123.42,1
06:48:44.199476,123.42,1
06:48:49.069895,123.42,1
06:49:00.408364,123.42,3
06:49:22.531399,123.42,1
06:49:25.625555,123.42,1
06:49:27.777044,123.42,3
06:49:35.487257,123.42,1
06:49:38.802652,123.41,4
06:49:49.559152,123.41,3
06:49:56.318332,123.42,1
06:50:09.654315,123.4,15
06:50:09.654315,123.4,1
06:50:09.654315,123.4,4
06:50:09.837235,123.4,20
06:50:16.187553,123.4,1
06:50:16.188407,123.4,16
06:50:16.188416,123.4,10
06:50:21.644599,123.4,2
06:50:30.772686,123.4,1
06:50:37.544079,123.4,50
06:50:46.952938,123.38,1
06:50:46.952938,123.37,1
06:50:46.952938,123.37,317
06:50:47.075039,123.37,100
06:50:48.677800,123.4,1
06:51:17.388535,123.4,1
06:51:20.543569,123.4,2
06:51:24.457208,123.41,1
06:51:30.840049,123.4,38
06:51:30.840049,123.41,10
06:51:30.840049,123.42,35
06:51:30.840049,123.42,1
06:51:30.840049,123.42,20
06:51:30.840049,123.42,43
06:51:30.840049,123.42,50
06:51:30.840480,123.42,93
06:51:30.840480,123.42,100
06:51:30.840480,123.42,100
06:51:30.840512,123.42,44
06:51:37.174062,123.45,50
06:52:30.881321,123.45,1
06:52:33.404648,123.47,1
06:52:33.404648,123.48,1
06:52:33.404648,123.48,10
06:52:33.404648,123.49,64
06:52:33.404623,123.45,24
06:52:40.563592,123.49,5
06:52:47.647850,123.5,50
06:52:47.647850,123.51,10
06:52:47.648279,123.49,1
06:52:47.648279,123.5,1
06:52:47.648279,123.51,38
06:52:57.162309,123.51,1
06:53:08.006425,123.5,1
06:53:16.337514,123.51,1
06:53:19.715444,123.51,2
06:53:23.529229,123.51,1
06:53:23.529192,123.5,2
06:53:38.211301,123.5,1
06:54:31.812661,123.45,1
06:54:31.812661,123.45,3
06:54:31.812661,123.44,50
06:54:31.812661,123.44,46
06:54:39.893265,123.5,1
06:55:03.181910,123.5,1
06:55:06.349809,123.5,3
06:55:34.334718,123.5,1
06:55:34.841331,123.5,1
06:55:34.841331,123.45,5
06:55:36.947933,123.5,4
06:55:36.948041,123.45,4
06:55:50.761255,123.5,1
06:55:50.876658,123.5,1
06:55:50.876658,123.5,4
06:55:51.045426,123.5,11
06:55:58.167389,123.45,6
06:55:58.167539,123.5,6
06:56:09.222697,123.5,2
06:56:11.134567,123.43,1
06:56:19.485890,123.5,3
06:56:37.389256,123.5,2
06:56:56.200879,123.43,1
06:57:04.257792,123.48,1
06:57:08.455492,123.48,5
06:57:08.455492,123.48,5
06:57:10.754838,123.48,1
06:57:13.583943,123.42,1
06:57:13.583943,123.42,100
06:57:13.583943,123.42,1
06:57:13.584009,123.43,42
06:57:13.584009,123.42,1
06:57:13.584009,123.42,1
06:57:13.584009,123.42,2
06:57:13.584009,123.42,50
06:57:13.584009,123.42,3
06:57:13.584009,123.42,20
06:57:15.355830,123.42,1
06:57:16.350864,123.42,10
06:57:27.361601,123.42,79
06:57:42.546405,123.41,10
06:57:50.051856,123.42,50
06:57:50.092185,123.42,21
06:57:58.169458,123.42,1
06:57:59.161560,123.42,4
06:58:04.400537,123.42,2
06:58:04.710185,123.41,44
06:58:06.972305,123.42,1
06:58:12.259457,123.42,1
06:58:18.164948,123.42,5
06:58:26.342887,123.42,2
06:58:36.760934,123.41,1
06:58:36.800983,123.41,6
06:58:36.807659,123.41,6
06:58:49.949735,123.4,4
06:58:49.950576,123.4,1
06:58:49.971570,123.4,2
06:58:49.972057,123.4,10
06:58:49.989233,123.4,5
06:58:49.989469,123.4,6
06:58:50.493297,123.4,1
06:58:51.088090,123.4,871
06:58:51.088934,123.41,10
06:58:56.985223,123.42,6
06:58:56.985223,123.42,20
06:59:09.334198,123.42,67
06:59:09.334198,123.41,133
06:59:24.507954,123.42,12
06:59:24.507954,123.41,1
06:59:24.507954,123.41,1
06:59:24.507954,123.41,1
06:59:24.507772,123.42,10
06:59:24.507930,123.43,3
06:59:24.507930,123.41,172
06:59:33.413095,123.42,40
06:59:38.721133,123.42,60
06:59:38.721133,123.42,40
06:59:49.342705,123.42,1
07:00:00.004821,123.46,1
07:00:00.007411,123.46,2
07:00:00.000816,123.49,20
07:00:00.017830,123.46,1
07:00:00.021860,123.46,2
07:00:00.022907,123.46,1
07:00:00.000816,123.49,10
07:00:00.000816,123.49,10
07:00:00.030092,123.46,1
07:00:00.000816,123.49,15
07:00:00.032818,123.46,5
07:00:00.034477,123.46,1
07:00:00.000816,123.49,10
07:00:00.000816,123.49,15
07:00:00.040319,123.46,1
07:00:00.040459,123.46,2
07:00:00.000816,123.49,10
07:00:00.042217,123.46,1
07:00:00.000816,123.49,10
07:00:00.042862,123.48,1
07:00:00.042862,123.48,3
07:00:00.043102,123.48,7
07:00:00.045196,123.48,5
07:00:00.045278,123.48,5
07:00:00.046566,123.48,20
07:00:00.048265,123.48,1
07:00:00.048518,123.48,36
07:00:00.048518,123.49,4
07:00:00.051950,123.49,9
07:00:00.055108,123.49,16
07:00:00.055108,123.49,84
07:00:00.055161,123.49,6
07:00:00.059718,123.48,1
07:00:00.059798,123.48,3
07:00:00.060890,123.48,1
07:00:00.064715,123.48,2
07:00:00.064889,123.48,1
07:00:00.066866,123.49,50
07:00:00.068303,123.5,5
07:00:00.068647,123.5,10
07:00:00.069353,123.5,100
07:00:00.069502,123.5,50
07:00:00.070025,123.5,2
07:00:00.070541,123.5,1
07:00:00.071551,123.5,32
07:00:00.071551,123.5,1
07:00:00.071551,123.5,1
07:00:00.072251,123.51,59
07:00:00.072251,123.51,57
07:00:00.072701,123.51,43
07:00:00.072701,123.51,7
07:00:00.074974,123.51,93
07:00:00.075555,123.52,5
07:00:00.075555,123.52,902
07:00:00.077322,123.55,12
07:00:00.078473,123.55,1
07:00:00.079428,123.55,26
07:00:00.080001,123.52,74
07:00:00.000816,123.48,300
07:00:00.000816,123.45,1
07:00:00.080729,123.51,67
07:00:00.080729,123.49,67
07:00:00.080729,123.49,67
07:00:00.080729,123.47,298
07:00:00.080981,123.52,3
07:00:00.081553,123.52,25
07:00:00.082320,123.47,100
07:00:00.082883,123.47,100
07:00:00.084770,123.52,36
07:00:00.085304,123.52,10
07:00:00.086750,123.52,50
07:00:00.088278,123.52,8
07:00:00.088595,123.52,1
07:00:00.088668,123.52,20
07:00:00.090279,123.52,125
07:00:00.090444,123.52,20
07:00:00.090541,123.52,20
07:00:00.091338,123.52,5
07:00:00.091702,123.52,309
07:00:00.091702,123.55,42
07:00:00.091702,123.55,10
07:00:00.091702,123.55,10
07:00:00.092304,123.55,30
07:00:00.092353,123.55,37
07:00:00.092353,123.56,50
07:00:00.092839,123.57,15
07:00:00.092896,123.57,42
07:00:00.093484,123.57,45
07:00:00.094661,123.57,3
07:00:00.094723,123.57,6
07:00:00.094848,123.57,100
07:00:00.095316,123.57,25
07:00:00.095496,123.57,62
07:00:00.096056,123.58,38
07:00:00.096158,123.58,62
07:00:00.096158,123.58,100
07:00:00.096158,123.58,200
07:00:00.096158,123.58,67
07:00:00.096767,123.59,1
07:00:00.096767,123.59,67
07:00:00.096808,123.51,50
07:00:00.097360,123.6,4
07:00:00.097360,123.6,100
07:00:00.097951,123.63,70
07:00:00.098469,123.65,6
07:00:00.098469,123.65,2
07:00:00.098469,123.65,171
07:00:00.098553,123.65,250
07:00:00.098614,123.65,10
07:00:00.098646,123.65,20
07:00:00.098681,123.65,15
07:00:00.098721,123.65,786
07:00:00.099173,123.67,14
07:00:00.099277,123.67,214
07:00:00.099310,123.67,13
07:00:00.099347,123.67,68
07:00:00.099403,123.67,100
07:00:00.099443,123.67,5
07:00:00.099937,123.67,10
07:00:00.100391,123.67,10
07:00:00.101038,123.67,5
07:00:00.101368,123.67,10
07:00:00.101426,123.67,3
07:00:00.101469,123.67,2
07:00:00.101604,123.67,20
07:00:00.101647,123.67,700
07:00:00.101785,123.67,4
07:00:00.101998,123.67,3
07:00:00.111439,123.67,25
07:00:00.113670,123.67,25
07:00:00.116839,123.67,60
07:00:00.117151,123.67,3
07:00:00.118546,123.67,1
07:00:00.121012,123.67,14
07:00:00.122412,123.67,10
07:00:00.124789,123.67,100
07:00:00.125501,123.67,2
07:00:00.131359,123.67,250
07:00:00.133498,123.67,65
07:00:00.000816,123.49,25
07:00:00.000816,123.48,50
07:00:00.000816,123.46,1
07:00:00.000816,123.47,25
07:00:00.000816,123.46,5
07:00:00.140853,123.67,25
07:00:00.140949,123.67,1
07:00:00.141365,123.67,1
07:00:00.141624,123.67,380
07:00:00.141972,123.49,16
07:00:00.144954,123.57,100
07:00:00.145217,123.57,100
07:00:00.145565,123.56,10
07:00:00.145565,123.56,10
07:00:00.145565,123.55,16
07:00:00.150408,123.53,1
07:00:00.150408,123.52,9
07:00:00.150408,123.5,4
07:00:00.366280,123.57,1
07:00:00.375001,123.57,1
07:00:00.375957,123.57,8
07:00:00.390650,123.57,5
07:00:00.475357,123.53,1
07:00:00.504730,123.57,110
07:00:02.579899,123.57,9
07:00:02.580290,123.56,6
07:00:03.053127,123.53,100
07:00:03.711956,123.53,10
07:00:04.435194,123.52,67
07:00:04.435194,123.51,60
07:00:04.435194,123.5,1
07:00:04.435194,123.5,67
07:00:04.435600,123.5,105
07:00:04.894620,123.53,89
07:00:05.125605,123.53,2
07:00:05.266430,123.5,16
07:00:05.266430,123.5,300
07:00:05.266430,123.5,26
07:00:05.266430,123.5,624
07:00:05.439151,123.5,35
07:00:05.500650,123.52,60
07:00:05.500650,123.53,340
07:00:05.500717,123.53,110
07:00:05.500717,123.55,67
07:00:05.500717,123.55,67
07:00:05.500717,123.58,10
07:00:05.500791,123.6,10
07:00:05.500791,123.66,38
07:00:05.500791,123.67,202
07:00:05.500977,123.53,100
07:00:05.500995,123.53,100
07:00:05.501044,123.53,300
07:00:05.520933,123.54,100
07:00:05.520933,123.54,100
07:00:05.520934,123.54,200
07:00:05.521178,123.53,200
07:00:05.521194,123.53,200
07:00:05.521756,123.54,100
07:00:05.521595,123.53,100
07:00:06.385367,123.52,100
07:00:06.426312,123.5,400
07:00:06.908834,123.5,15
07:00:06.909120,123.5,441
07:00:06.909120,123.5,1
07:00:06.909120,123.5,121
07:00:06.909120,123.5,22
07:00:06.966939,123.5,99
07:00:06.966939,123.5,100
07:00:06.966939,123.5,1
07:00:06.966939,123.5,2
07:00:06.966939,123.5,10
07:00:06.966939,123.5,10
07:00:06.966939,123.5,2
07:00:06.966939,123.5,125
07:00:06.966939,123.5,51
07:00:06.979488,123.5,54
07:00:06.979508,123.5,49
07:00:06.979508,123.49,84
07:00:06.979508,123.49,5
07:00:08.844138,123.43,10
07:00:08.844138,123.43,10
07:00:08.844138,123.42,67
07:00:08.844138,123.42,60
07:00:08.844138,123.41,1
07:00:08.844138,123.4,67
07:00:08.844138,123.37,83
07:00:08.844138,123.37,1
07:00:08.844138,123.37,1
07:00:08.844138,123.37,1
07:00:08.844138,123.37,1
07:00:08.844138,123.37,1
07:00:08.844138,123.37,4
07:00:08.844138,123.37,22
07:00:08.844546,123.45,10
07:00:08.844546,123.43,25
07:00:08.844546,123.42,20
07:00:08.844546,123.42,1
07:00:08.844546,123.4,50
07:00:08.844546,123.4,3
07:00:08.844546,123.4,1
07:00:08.844546,123.4,7
07:00:08.844415,123.46,94
07:00:08.844415,123.45,50
07:00:08.844415,123.45,10
07:00:10.370276,123.39,10
07:00:10.370276,123.37,107
07:00:10.370691,123.39,87
07:00:10.370691,123.39,1
07:00:10.370691,123.38,18
07:00:10.370691,123.38,1
07:00:10.370557,123.42,1
07:00:10.370557,123.42,1
07:00:10.370557,123.4,20
07:00:10.370557,123.4,30
07:00:10.370557,123.4,1
07:00:10.370557,123.4,2
07:00:10.370557,123.4,10
07:00:10.370557,123.4,8
07:00:10.370557,123.4,3
07:00:10.370557,123.39,300
07:00:11.083630,123.4,67
07:00:11.083630,123.42,67
07:00:11.083630,123.44,66
07:00:11.097548,123.44,15
07:00:11.546994,123.38,6
07:00:15.254494,123.38,3
07:00:15.377139,123.37,1
07:00:15.377139,123.37,400
07:00:15.377139,123.37,10
07:00:15.377139,123.37,40
07:00:15.377584,123.37,10
07:00:15.377584,123.37,1
07:00:15.377584,123.37,2
07:00:15.378141,123.37,5
07:00:15.388629,123.37,49
07:00:16.149293,123.38,70
07:00:16.578152,123.37,100
07:00:17.590596,123.38,1
07:00:17.832828,123.38,129
07:00:17.832828,123.37,20
07:00:19.565360,123.37,10
07:00:19.643104,123.37,1
07:00:20.324545,123.35,1
07:00:20.324545,123.35,1
07:00:20.324545,123.35,1
07:00:20.324545,123.34,1
07:00:20.324545,123.33,1
07:00:20.324545,123.32,1
07:00:20.324545,123.32,67
07:00:20.324545,123.32,67
07:00:20.324949,123.35,1
07:00:20.325010,123.37,1675
07:00:20.325010,123.35,1
07:00:20.325010,123.35,1
07:00:20.325010,123.35,1
07:00:20.325010,123.35,1
07:00:20.325653,123.33,3
07:00:20.325712,123.33,1
07:00:20.325712,123.33,10
07:00:20.325712,123.33,4
07:00:20.325712,123.33,1
07:00:20.326366,123.32,1000
07:00:20.326366,123.32,10
07:00:20.326366,123.32,500
07:00:20.327014,123.31,10
07:00:20.327014,123.31,50
07:00:20.327082,123.3,122
07:00:20.347644,123.31,1
07:00:22.068424,123.32,25
07:00:22.068839,123.31,545
07:00:22.070873,123.32,6
07:00:22.278885,123.32,50
07:00:23.888315,123.32,300
07:00:23.888616,123.32,312
07:00:24.100863,123.32,200
07:00:24.100992,123.32,67
07:00:24.743412,123.32,332
07:00:25.477373,123.38,1
07:00:25.478815,123.42,67
07:00:25.478815,123.42,100
07:00:25.478815,123.42,232
07:00:25.963053,123.41,60
07:00:25.963116,123.42,67
07:00:33.223256,123.32,1
07:00:33.223256,123.32,59
07:00:34.141349,123.36,1
07:00:34.501433,123.32,5
07:00:36.449436,123.37,50
07:00:36.457644,123.37,50
